%YAML 1.1
%TAG !u! tag:unity3d.com,2011:
--- !u!1 &6682313421882291575
GameObject:
  m_ObjectHideFlags: 0
  m_CorrespondingSourceObject: {fileID: 0}
  m_PrefabInstance: {fileID: 0}
  m_PrefabAsset: {fileID: 0}
  serializedVersion: 6
  m_Component:
  - component: {fileID: 90033551438659824}
  m_Layer: 0
  m_Name: LevelPart_13
  m_TagString: Untagged
  m_Icon: {fileID: 0}
  m_NavMeshLayer: 0
  m_StaticEditorFlags: 0
  m_IsActive: 1
--- !u!4 &90033551438659824
Transform:
  m_ObjectHideFlags: 0
  m_CorrespondingSourceObject: {fileID: 0}
  m_PrefabInstance: {fileID: 0}
  m_PrefabAsset: {fileID: 0}
  m_GameObject: {fileID: 6682313421882291575}
  m_LocalRotation: {x: 0, y: 0, z: 0, w: 1}
  m_LocalPosition: {x: 0, y: 0, z: 0}
  m_LocalScale: {x: 1, y: 1, z: 1}
  m_Children:
  - {fileID: 5604701692997365440}
  - {fileID: 3450861066160895051}
  - {fileID: 5104522350296567355}
  - {fileID: 3720764393992080500}
  - {fileID: 2286598626172774742}
  - {fileID: 7637662327070554420}
  - {fileID: 6918132689773938841}
  - {fileID: 539323431827610327}
  - {fileID: 4629794800602858222}
  - {fileID: 6802354713021314722}
  - {fileID: 3743242396984356125}
  - {fileID: 5509771524072279006}
  - {fileID: 5852863218624021338}
  - {fileID: 1605369515135259650}
  m_Father: {fileID: 0}
  m_RootOrder: 0
  m_LocalEulerAnglesHint: {x: 0, y: 0, z: 0}
--- !u!1001 &510500867091636054
PrefabInstance:
  m_ObjectHideFlags: 0
  serializedVersion: 2
  m_Modification:
    m_TransformParent: {fileID: 90033551438659824}
    m_Modifications:
    - target: {fileID: 4502697314657301902, guid: f9df4ef4e9e01bf4bab85232e6c4fd83, type: 3}
      propertyPath: m_Name
      value: batoot
      objectReference: {fileID: 0}
    - target: {fileID: 7992698287912838754, guid: f9df4ef4e9e01bf4bab85232e6c4fd83, type: 3}
      propertyPath: m_RootOrder
      value: 5
      objectReference: {fileID: 0}
    - target: {fileID: 7992698287912838754, guid: f9df4ef4e9e01bf4bab85232e6c4fd83, type: 3}
      propertyPath: m_LocalPosition.x
      value: 16.047956
      objectReference: {fileID: 0}
    - target: {fileID: 7992698287912838754, guid: f9df4ef4e9e01bf4bab85232e6c4fd83, type: 3}
      propertyPath: m_LocalPosition.y
      value: 0.14403915
      objectReference: {fileID: 0}
    - target: {fileID: 7992698287912838754, guid: f9df4ef4e9e01bf4bab85232e6c4fd83, type: 3}
      propertyPath: m_LocalPosition.z
      value: 1.386509
      objectReference: {fileID: 0}
    - target: {fileID: 7992698287912838754, guid: f9df4ef4e9e01bf4bab85232e6c4fd83, type: 3}
      propertyPath: m_LocalRotation.w
      value: 1
      objectReference: {fileID: 0}
    - target: {fileID: 7992698287912838754, guid: f9df4ef4e9e01bf4bab85232e6c4fd83, type: 3}
      propertyPath: m_LocalRotation.x
      value: -0
      objectReference: {fileID: 0}
    - target: {fileID: 7992698287912838754, guid: f9df4ef4e9e01bf4bab85232e6c4fd83, type: 3}
      propertyPath: m_LocalRotation.y
      value: -0
      objectReference: {fileID: 0}
    - target: {fileID: 7992698287912838754, guid: f9df4ef4e9e01bf4bab85232e6c4fd83, type: 3}
      propertyPath: m_LocalRotation.z
      value: -0
      objectReference: {fileID: 0}
    - target: {fileID: 7992698287912838754, guid: f9df4ef4e9e01bf4bab85232e6c4fd83, type: 3}
      propertyPath: m_LocalEulerAnglesHint.x
      value: 0
      objectReference: {fileID: 0}
    - target: {fileID: 7992698287912838754, guid: f9df4ef4e9e01bf4bab85232e6c4fd83, type: 3}
      propertyPath: m_LocalEulerAnglesHint.y
      value: 0
      objectReference: {fileID: 0}
    - target: {fileID: 7992698287912838754, guid: f9df4ef4e9e01bf4bab85232e6c4fd83, type: 3}
      propertyPath: m_LocalEulerAnglesHint.z
      value: 0
      objectReference: {fileID: 0}
    m_RemovedComponents: []
  m_SourcePrefab: {fileID: 100100000, guid: f9df4ef4e9e01bf4bab85232e6c4fd83, type: 3}
--- !u!4 &7637662327070554420 stripped
Transform:
  m_CorrespondingSourceObject: {fileID: 7992698287912838754, guid: f9df4ef4e9e01bf4bab85232e6c4fd83, type: 3}
  m_PrefabInstance: {fileID: 510500867091636054}
  m_PrefabAsset: {fileID: 0}
--- !u!1001 &698335665901150582
PrefabInstance:
  m_ObjectHideFlags: 0
  serializedVersion: 2
  m_Modification:
    m_TransformParent: {fileID: 90033551438659824}
    m_Modifications:
    - target: {fileID: 2303476340883912052, guid: 8bd2a1debeeb912478070abb31c2abbe, type: 3}
      propertyPath: m_RootOrder
      value: 13
      objectReference: {fileID: 0}
    - target: {fileID: 2303476340883912052, guid: 8bd2a1debeeb912478070abb31c2abbe, type: 3}
      propertyPath: m_LocalPosition.x
      value: 18.87
      objectReference: {fileID: 0}
    - target: {fileID: 2303476340883912052, guid: 8bd2a1debeeb912478070abb31c2abbe, type: 3}
      propertyPath: m_LocalPosition.y
      value: -9.2
      objectReference: {fileID: 0}
    - target: {fileID: 2303476340883912052, guid: 8bd2a1debeeb912478070abb31c2abbe, type: 3}
      propertyPath: m_LocalPosition.z
      value: -165.82016
      objectReference: {fileID: 0}
    - target: {fileID: 2303476340883912052, guid: 8bd2a1debeeb912478070abb31c2abbe, type: 3}
      propertyPath: m_LocalRotation.w
      value: 1
      objectReference: {fileID: 0}
    - target: {fileID: 2303476340883912052, guid: 8bd2a1debeeb912478070abb31c2abbe, type: 3}
      propertyPath: m_LocalRotation.x
      value: -0
      objectReference: {fileID: 0}
    - target: {fileID: 2303476340883912052, guid: 8bd2a1debeeb912478070abb31c2abbe, type: 3}
      propertyPath: m_LocalRotation.y
      value: -0
      objectReference: {fileID: 0}
    - target: {fileID: 2303476340883912052, guid: 8bd2a1debeeb912478070abb31c2abbe, type: 3}
      propertyPath: m_LocalRotation.z
      value: -0
      objectReference: {fileID: 0}
    - target: {fileID: 2303476340883912052, guid: 8bd2a1debeeb912478070abb31c2abbe, type: 3}
      propertyPath: m_LocalEulerAnglesHint.x
      value: 0
      objectReference: {fileID: 0}
    - target: {fileID: 2303476340883912052, guid: 8bd2a1debeeb912478070abb31c2abbe, type: 3}
      propertyPath: m_LocalEulerAnglesHint.y
      value: 0
      objectReference: {fileID: 0}
    - target: {fileID: 2303476340883912052, guid: 8bd2a1debeeb912478070abb31c2abbe, type: 3}
      propertyPath: m_LocalEulerAnglesHint.z
      value: 0
      objectReference: {fileID: 0}
    - target: {fileID: 5066083696678952759, guid: 8bd2a1debeeb912478070abb31c2abbe, type: 3}
      propertyPath: m_Name
      value: dieSpace
      objectReference: {fileID: 0}
    - target: {fileID: 5653890957712826812, guid: 8bd2a1debeeb912478070abb31c2abbe, type: 3}
      propertyPath: m_Size.x
      value: 43.871983
      objectReference: {fileID: 0}
    - target: {fileID: 5653890957712826812, guid: 8bd2a1debeeb912478070abb31c2abbe, type: 3}
      propertyPath: m_Offset.x
      value: 0.1527996
      objectReference: {fileID: 0}
    m_RemovedComponents: []
  m_SourcePrefab: {fileID: 100100000, guid: 8bd2a1debeeb912478070abb31c2abbe, type: 3}
--- !u!4 &1605369515135259650 stripped
Transform:
  m_CorrespondingSourceObject: {fileID: 2303476340883912052, guid: 8bd2a1debeeb912478070abb31c2abbe, type: 3}
  m_PrefabInstance: {fileID: 698335665901150582}
  m_PrefabAsset: {fileID: 0}
--- !u!1001 &2090542227384540572
PrefabInstance:
  m_ObjectHideFlags: 0
  serializedVersion: 2
  m_Modification:
    m_TransformParent: {fileID: 90033551438659824}
    m_Modifications:
    - target: {fileID: 3360202731894886888, guid: 949934f2ab107ea4e9e59ea13f4d145e, type: 3}
      propertyPath: m_RootOrder
      value: 3
      objectReference: {fileID: 0}
    - target: {fileID: 3360202731894886888, guid: 949934f2ab107ea4e9e59ea13f4d145e, type: 3}
      propertyPath: m_LocalPosition.x
      value: 9.455983
      objectReference: {fileID: 0}
    - target: {fileID: 3360202731894886888, guid: 949934f2ab107ea4e9e59ea13f4d145e, type: 3}
      propertyPath: m_LocalPosition.y
      value: -1.5839748
      objectReference: {fileID: 0}
    - target: {fileID: 3360202731894886888, guid: 949934f2ab107ea4e9e59ea13f4d145e, type: 3}
      propertyPath: m_LocalPosition.z
      value: 0
      objectReference: {fileID: 0}
    - target: {fileID: 3360202731894886888, guid: 949934f2ab107ea4e9e59ea13f4d145e, type: 3}
      propertyPath: m_LocalRotation.w
      value: 1
      objectReference: {fileID: 0}
    - target: {fileID: 3360202731894886888, guid: 949934f2ab107ea4e9e59ea13f4d145e, type: 3}
      propertyPath: m_LocalRotation.x
      value: -0
      objectReference: {fileID: 0}
    - target: {fileID: 3360202731894886888, guid: 949934f2ab107ea4e9e59ea13f4d145e, type: 3}
      propertyPath: m_LocalRotation.y
      value: -0
      objectReference: {fileID: 0}
    - target: {fileID: 3360202731894886888, guid: 949934f2ab107ea4e9e59ea13f4d145e, type: 3}
      propertyPath: m_LocalRotation.z
      value: -0
      objectReference: {fileID: 0}
    - target: {fileID: 3360202731894886888, guid: 949934f2ab107ea4e9e59ea13f4d145e, type: 3}
      propertyPath: m_LocalEulerAnglesHint.x
      value: 0
      objectReference: {fileID: 0}
    - target: {fileID: 3360202731894886888, guid: 949934f2ab107ea4e9e59ea13f4d145e, type: 3}
      propertyPath: m_LocalEulerAnglesHint.y
      value: 0
      objectReference: {fileID: 0}
    - target: {fileID: 3360202731894886888, guid: 949934f2ab107ea4e9e59ea13f4d145e, type: 3}
      propertyPath: m_LocalEulerAnglesHint.z
      value: 0
      objectReference: {fileID: 0}
    - target: {fileID: 6965835520658265954, guid: 949934f2ab107ea4e9e59ea13f4d145e, type: 3}
      propertyPath: m_Name
      value: ExtraPoints
      objectReference: {fileID: 0}
    m_RemovedComponents: []
  m_SourcePrefab: {fileID: 100100000, guid: 949934f2ab107ea4e9e59ea13f4d145e, type: 3}
--- !u!4 &3720764393992080500 stripped
Transform:
  m_CorrespondingSourceObject: {fileID: 3360202731894886888, guid: 949934f2ab107ea4e9e59ea13f4d145e, type: 3}
  m_PrefabInstance: {fileID: 2090542227384540572}
  m_PrefabAsset: {fileID: 0}
--- !u!1001 &2601452628612446152
PrefabInstance:
  m_ObjectHideFlags: 0
  serializedVersion: 2
  m_Modification:
    m_TransformParent: {fileID: 90033551438659824}
    m_Modifications:
    - target: {fileID: 2550788551164980509, guid: 5caef3987ad77c54896de6180b5e7dae, type: 3}
      propertyPath: m_Name
      value: piki_krasivye
      objectReference: {fileID: 0}
    - target: {fileID: 2550788551164980511, guid: 5caef3987ad77c54896de6180b5e7dae, type: 3}
      propertyPath: m_RootOrder
      value: 7
      objectReference: {fileID: 0}
    - target: {fileID: 2550788551164980511, guid: 5caef3987ad77c54896de6180b5e7dae, type: 3}
      propertyPath: m_LocalPosition.x
      value: 22.4
      objectReference: {fileID: 0}
    - target: {fileID: 2550788551164980511, guid: 5caef3987ad77c54896de6180b5e7dae, type: 3}
      propertyPath: m_LocalPosition.y
      value: 3.2278404
      objectReference: {fileID: 0}
    - target: {fileID: 2550788551164980511, guid: 5caef3987ad77c54896de6180b5e7dae, type: 3}
      propertyPath: m_LocalPosition.z
      value: 10
      objectReference: {fileID: 0}
    - target: {fileID: 2550788551164980511, guid: 5caef3987ad77c54896de6180b5e7dae, type: 3}
      propertyPath: m_LocalRotation.w
      value: 1
      objectReference: {fileID: 0}
    - target: {fileID: 2550788551164980511, guid: 5caef3987ad77c54896de6180b5e7dae, type: 3}
      propertyPath: m_LocalRotation.x
      value: -0
      objectReference: {fileID: 0}
    - target: {fileID: 2550788551164980511, guid: 5caef3987ad77c54896de6180b5e7dae, type: 3}
      propertyPath: m_LocalRotation.y
      value: -0
      objectReference: {fileID: 0}
    - target: {fileID: 2550788551164980511, guid: 5caef3987ad77c54896de6180b5e7dae, type: 3}
      propertyPath: m_LocalRotation.z
      value: -0
      objectReference: {fileID: 0}
    - target: {fileID: 2550788551164980511, guid: 5caef3987ad77c54896de6180b5e7dae, type: 3}
      propertyPath: m_LocalEulerAnglesHint.x
      value: 0
      objectReference: {fileID: 0}
    - target: {fileID: 2550788551164980511, guid: 5caef3987ad77c54896de6180b5e7dae, type: 3}
      propertyPath: m_LocalEulerAnglesHint.y
      value: 0
      objectReference: {fileID: 0}
    - target: {fileID: 2550788551164980511, guid: 5caef3987ad77c54896de6180b5e7dae, type: 3}
      propertyPath: m_LocalEulerAnglesHint.z
      value: 0
      objectReference: {fileID: 0}
    m_RemovedComponents: []
  m_SourcePrefab: {fileID: 100100000, guid: 5caef3987ad77c54896de6180b5e7dae, type: 3}
--- !u!4 &539323431827610327 stripped
Transform:
  m_CorrespondingSourceObject: {fileID: 2550788551164980511, guid: 5caef3987ad77c54896de6180b5e7dae, type: 3}
  m_PrefabInstance: {fileID: 2601452628612446152}
  m_PrefabAsset: {fileID: 0}
--- !u!1001 &2741973635046000383
PrefabInstance:
  m_ObjectHideFlags: 0
  serializedVersion: 2
  m_Modification:
    m_TransformParent: {fileID: 90033551438659824}
    m_Modifications:
    - target: {fileID: 1585224595634940898, guid: cc695b16283a191439e36f09f17b2d26, type: 3}
      propertyPath: m_RootOrder
      value: 10
      objectReference: {fileID: 0}
    - target: {fileID: 1585224595634940898, guid: cc695b16283a191439e36f09f17b2d26, type: 3}
      propertyPath: m_LocalPosition.x
      value: 28.72
      objectReference: {fileID: 0}
    - target: {fileID: 1585224595634940898, guid: cc695b16283a191439e36f09f17b2d26, type: 3}
      propertyPath: m_LocalPosition.y
      value: -1.96
      objectReference: {fileID: 0}
    - target: {fileID: 1585224595634940898, guid: cc695b16283a191439e36f09f17b2d26, type: 3}
      propertyPath: m_LocalPosition.z
      value: 0
      objectReference: {fileID: 0}
    - target: {fileID: 1585224595634940898, guid: cc695b16283a191439e36f09f17b2d26, type: 3}
      propertyPath: m_LocalRotation.w
      value: 1
      objectReference: {fileID: 0}
    - target: {fileID: 1585224595634940898, guid: cc695b16283a191439e36f09f17b2d26, type: 3}
      propertyPath: m_LocalRotation.x
      value: -0
      objectReference: {fileID: 0}
    - target: {fileID: 1585224595634940898, guid: cc695b16283a191439e36f09f17b2d26, type: 3}
      propertyPath: m_LocalRotation.y
      value: -0
      objectReference: {fileID: 0}
    - target: {fileID: 1585224595634940898, guid: cc695b16283a191439e36f09f17b2d26, type: 3}
      propertyPath: m_LocalRotation.z
      value: -0
      objectReference: {fileID: 0}
    - target: {fileID: 1585224595634940898, guid: cc695b16283a191439e36f09f17b2d26, type: 3}
      propertyPath: m_LocalEulerAnglesHint.x
      value: 0
      objectReference: {fileID: 0}
    - target: {fileID: 1585224595634940898, guid: cc695b16283a191439e36f09f17b2d26, type: 3}
      propertyPath: m_LocalEulerAnglesHint.y
      value: 0
      objectReference: {fileID: 0}
    - target: {fileID: 1585224595634940898, guid: cc695b16283a191439e36f09f17b2d26, type: 3}
      propertyPath: m_LocalEulerAnglesHint.z
      value: 0
      objectReference: {fileID: 0}
    - target: {fileID: 5800255502671430543, guid: cc695b16283a191439e36f09f17b2d26, type: 3}
      propertyPath: m_Name
      value: double_ground (1)
      objectReference: {fileID: 0}
    m_RemovedComponents: []
  m_SourcePrefab: {fileID: 100100000, guid: cc695b16283a191439e36f09f17b2d26, type: 3}
--- !u!4 &3743242396984356125 stripped
Transform:
  m_CorrespondingSourceObject: {fileID: 1585224595634940898, guid: cc695b16283a191439e36f09f17b2d26, type: 3}
  m_PrefabInstance: {fileID: 2741973635046000383}
  m_PrefabAsset: {fileID: 0}
--- !u!1001 &3268803341026583039
PrefabInstance:
  m_ObjectHideFlags: 0
  serializedVersion: 2
  m_Modification:
    m_TransformParent: {fileID: 90033551438659824}
    m_Modifications:
    - target: {fileID: 3610170991642251932, guid: bae5475ada9afdd46b7b4d559670f670, type: 3}
      propertyPath: m_Name
      value: ground_type_3
      objectReference: {fileID: 0}
    - target: {fileID: 3667827871844616361, guid: bae5475ada9afdd46b7b4d559670f670, type: 3}
      propertyPath: m_RootOrder
      value: 4
      objectReference: {fileID: 0}
    - target: {fileID: 3667827871844616361, guid: bae5475ada9afdd46b7b4d559670f670, type: 3}
      propertyPath: m_LocalPosition.x
      value: 14.159956
      objectReference: {fileID: 0}
    - target: {fileID: 3667827871844616361, guid: bae5475ada9afdd46b7b4d559670f670, type: 3}
      propertyPath: m_LocalPosition.y
      value: -0.5919609
      objectReference: {fileID: 0}
    - target: {fileID: 3667827871844616361, guid: bae5475ada9afdd46b7b4d559670f670, type: 3}
      propertyPath: m_LocalPosition.z
      value: 0
      objectReference: {fileID: 0}
    - target: {fileID: 3667827871844616361, guid: bae5475ada9afdd46b7b4d559670f670, type: 3}
      propertyPath: m_LocalRotation.w
      value: 1
      objectReference: {fileID: 0}
    - target: {fileID: 3667827871844616361, guid: bae5475ada9afdd46b7b4d559670f670, type: 3}
      propertyPath: m_LocalRotation.x
      value: -0
      objectReference: {fileID: 0}
    - target: {fileID: 3667827871844616361, guid: bae5475ada9afdd46b7b4d559670f670, type: 3}
      propertyPath: m_LocalRotation.y
      value: -0
      objectReference: {fileID: 0}
    - target: {fileID: 3667827871844616361, guid: bae5475ada9afdd46b7b4d559670f670, type: 3}
      propertyPath: m_LocalRotation.z
      value: -0
      objectReference: {fileID: 0}
    - target: {fileID: 3667827871844616361, guid: bae5475ada9afdd46b7b4d559670f670, type: 3}
      propertyPath: m_LocalEulerAnglesHint.x
      value: 0
      objectReference: {fileID: 0}
    - target: {fileID: 3667827871844616361, guid: bae5475ada9afdd46b7b4d559670f670, type: 3}
      propertyPath: m_LocalEulerAnglesHint.y
      value: 0
      objectReference: {fileID: 0}
    - target: {fileID: 3667827871844616361, guid: bae5475ada9afdd46b7b4d559670f670, type: 3}
      propertyPath: m_LocalEulerAnglesHint.z
      value: 0
      objectReference: {fileID: 0}
    m_RemovedComponents: []
  m_SourcePrefab: {fileID: 100100000, guid: bae5475ada9afdd46b7b4d559670f670, type: 3}
--- !u!4 &2286598626172774742 stripped
Transform:
  m_CorrespondingSourceObject: {fileID: 3667827871844616361, guid: bae5475ada9afdd46b7b4d559670f670, type: 3}
  m_PrefabInstance: {fileID: 3268803341026583039}
  m_PrefabAsset: {fileID: 0}
--- !u!1001 &3785419952576461313
PrefabInstance:
  m_ObjectHideFlags: 0
  serializedVersion: 2
  m_Modification:
    m_TransformParent: {fileID: 90033551438659824}
    m_Modifications:
    - target: {fileID: 5502734984068477755, guid: ae7b1cef2919e2144a034d668f5549d0, type: 3}
      propertyPath: m_Name
      value: EndPosition
      objectReference: {fileID: 0}
    - target: {fileID: 7327655052753385819, guid: ae7b1cef2919e2144a034d668f5549d0, type: 3}
      propertyPath: m_RootOrder
      value: 12
      objectReference: {fileID: 0}
    - target: {fileID: 7327655052753385819, guid: ae7b1cef2919e2144a034d668f5549d0, type: 3}
      propertyPath: m_LocalPosition.x
      value: 35.43
      objectReference: {fileID: 0}
    - target: {fileID: 7327655052753385819, guid: ae7b1cef2919e2144a034d668f5549d0, type: 3}
      propertyPath: m_LocalPosition.y
      value: -3.12
      objectReference: {fileID: 0}
    - target: {fileID: 7327655052753385819, guid: ae7b1cef2919e2144a034d668f5549d0, type: 3}
      propertyPath: m_LocalPosition.z
      value: 0
      objectReference: {fileID: 0}
    - target: {fileID: 7327655052753385819, guid: ae7b1cef2919e2144a034d668f5549d0, type: 3}
      propertyPath: m_LocalRotation.w
      value: 1
      objectReference: {fileID: 0}
    - target: {fileID: 7327655052753385819, guid: ae7b1cef2919e2144a034d668f5549d0, type: 3}
      propertyPath: m_LocalRotation.x
      value: -0
      objectReference: {fileID: 0}
    - target: {fileID: 7327655052753385819, guid: ae7b1cef2919e2144a034d668f5549d0, type: 3}
      propertyPath: m_LocalRotation.y
      value: -0
      objectReference: {fileID: 0}
    - target: {fileID: 7327655052753385819, guid: ae7b1cef2919e2144a034d668f5549d0, type: 3}
      propertyPath: m_LocalRotation.z
      value: -0
      objectReference: {fileID: 0}
    - target: {fileID: 7327655052753385819, guid: ae7b1cef2919e2144a034d668f5549d0, type: 3}
      propertyPath: m_LocalEulerAnglesHint.x
      value: 0
      objectReference: {fileID: 0}
    - target: {fileID: 7327655052753385819, guid: ae7b1cef2919e2144a034d668f5549d0, type: 3}
      propertyPath: m_LocalEulerAnglesHint.y
      value: 0
      objectReference: {fileID: 0}
    - target: {fileID: 7327655052753385819, guid: ae7b1cef2919e2144a034d668f5549d0, type: 3}
      propertyPath: m_LocalEulerAnglesHint.z
      value: 0
      objectReference: {fileID: 0}
    m_RemovedComponents: []
  m_SourcePrefab: {fileID: 100100000, guid: ae7b1cef2919e2144a034d668f5549d0, type: 3}
--- !u!4 &5852863218624021338 stripped
Transform:
  m_CorrespondingSourceObject: {fileID: 7327655052753385819, guid: ae7b1cef2919e2144a034d668f5549d0, type: 3}
  m_PrefabInstance: {fileID: 3785419952576461313}
  m_PrefabAsset: {fileID: 0}
--- !u!1001 &3971225027376995372
PrefabInstance:
  m_ObjectHideFlags: 0
  serializedVersion: 2
  m_Modification:
    m_TransformParent: {fileID: 90033551438659824}
    m_Modifications:
    - target: {fileID: 2330630746932225600, guid: c4589a891f83a7b4aa399adc857bfd7f, type: 3}
      propertyPath: m_Name
      value: ground_type_5
      objectReference: {fileID: 0}
    - target: {fileID: 8852746877583569644, guid: c4589a891f83a7b4aa399adc857bfd7f, type: 3}
      propertyPath: m_RootOrder
      value: 0
      objectReference: {fileID: 0}
    - target: {fileID: 8852746877583569644, guid: c4589a891f83a7b4aa399adc857bfd7f, type: 3}
      propertyPath: m_LocalPosition.x
      value: 6.5760007
      objectReference: {fileID: 0}
    - target: {fileID: 8852746877583569644, guid: c4589a891f83a7b4aa399adc857bfd7f, type: 3}
      propertyPath: m_LocalPosition.y
      value: -2.5440001
      objectReference: {fileID: 0}
    - target: {fileID: 8852746877583569644, guid: c4589a891f83a7b4aa399adc857bfd7f, type: 3}
      propertyPath: m_LocalPosition.z
      value: 11.038322
      objectReference: {fileID: 0}
    - target: {fileID: 8852746877583569644, guid: c4589a891f83a7b4aa399adc857bfd7f, type: 3}
      propertyPath: m_LocalRotation.w
      value: 1
      objectReference: {fileID: 0}
    - target: {fileID: 8852746877583569644, guid: c4589a891f83a7b4aa399adc857bfd7f, type: 3}
      propertyPath: m_LocalRotation.x
      value: -0
      objectReference: {fileID: 0}
    - target: {fileID: 8852746877583569644, guid: c4589a891f83a7b4aa399adc857bfd7f, type: 3}
      propertyPath: m_LocalRotation.y
      value: -0
      objectReference: {fileID: 0}
    - target: {fileID: 8852746877583569644, guid: c4589a891f83a7b4aa399adc857bfd7f, type: 3}
      propertyPath: m_LocalRotation.z
      value: -0
      objectReference: {fileID: 0}
    - target: {fileID: 8852746877583569644, guid: c4589a891f83a7b4aa399adc857bfd7f, type: 3}
      propertyPath: m_LocalEulerAnglesHint.x
      value: 0
      objectReference: {fileID: 0}
    - target: {fileID: 8852746877583569644, guid: c4589a891f83a7b4aa399adc857bfd7f, type: 3}
      propertyPath: m_LocalEulerAnglesHint.y
      value: 0
      objectReference: {fileID: 0}
    - target: {fileID: 8852746877583569644, guid: c4589a891f83a7b4aa399adc857bfd7f, type: 3}
      propertyPath: m_LocalEulerAnglesHint.z
      value: 0
      objectReference: {fileID: 0}
    m_RemovedComponents: []
  m_SourcePrefab: {fileID: 100100000, guid: c4589a891f83a7b4aa399adc857bfd7f, type: 3}
--- !u!4 &5604701692997365440 stripped
Transform:
  m_CorrespondingSourceObject: {fileID: 8852746877583569644, guid: c4589a891f83a7b4aa399adc857bfd7f, type: 3}
  m_PrefabInstance: {fileID: 3971225027376995372}
  m_PrefabAsset: {fileID: 0}
--- !u!1001 &5447394899800268096
PrefabInstance:
  m_ObjectHideFlags: 0
  serializedVersion: 2
  m_Modification:
    m_TransformParent: {fileID: 90033551438659824}
    m_Modifications:
    - target: {fileID: 1585224595634940898, guid: cc695b16283a191439e36f09f17b2d26, type: 3}
      propertyPath: m_RootOrder
      value: 9
      objectReference: {fileID: 0}
    - target: {fileID: 1585224595634940898, guid: cc695b16283a191439e36f09f17b2d26, type: 3}
      propertyPath: m_LocalPosition.x
      value: 25.41277
      objectReference: {fileID: 0}
    - target: {fileID: 1585224595634940898, guid: cc695b16283a191439e36f09f17b2d26, type: 3}
      propertyPath: m_LocalPosition.y
      value: -0.5959225
      objectReference: {fileID: 0}
    - target: {fileID: 1585224595634940898, guid: cc695b16283a191439e36f09f17b2d26, type: 3}
      propertyPath: m_LocalPosition.z
      value: 0
      objectReference: {fileID: 0}
    - target: {fileID: 1585224595634940898, guid: cc695b16283a191439e36f09f17b2d26, type: 3}
      propertyPath: m_LocalRotation.w
      value: 1
      objectReference: {fileID: 0}
    - target: {fileID: 1585224595634940898, guid: cc695b16283a191439e36f09f17b2d26, type: 3}
      propertyPath: m_LocalRotation.x
      value: -0
      objectReference: {fileID: 0}
    - target: {fileID: 1585224595634940898, guid: cc695b16283a191439e36f09f17b2d26, type: 3}
      propertyPath: m_LocalRotation.y
      value: -0
      objectReference: {fileID: 0}
    - target: {fileID: 1585224595634940898, guid: cc695b16283a191439e36f09f17b2d26, type: 3}
      propertyPath: m_LocalRotation.z
      value: -0
      objectReference: {fileID: 0}
    - target: {fileID: 1585224595634940898, guid: cc695b16283a191439e36f09f17b2d26, type: 3}
      propertyPath: m_LocalEulerAnglesHint.x
      value: 0
      objectReference: {fileID: 0}
    - target: {fileID: 1585224595634940898, guid: cc695b16283a191439e36f09f17b2d26, type: 3}
      propertyPath: m_LocalEulerAnglesHint.y
      value: 0
      objectReference: {fileID: 0}
    - target: {fileID: 1585224595634940898, guid: cc695b16283a191439e36f09f17b2d26, type: 3}
      propertyPath: m_LocalEulerAnglesHint.z
      value: 0
      objectReference: {fileID: 0}
    - target: {fileID: 5800255502671430543, guid: cc695b16283a191439e36f09f17b2d26, type: 3}
      propertyPath: m_Name
      value: double_ground
      objectReference: {fileID: 0}
    m_RemovedComponents: []
  m_SourcePrefab: {fileID: 100100000, guid: cc695b16283a191439e36f09f17b2d26, type: 3}
--- !u!4 &6802354713021314722 stripped
Transform:
  m_CorrespondingSourceObject: {fileID: 1585224595634940898, guid: cc695b16283a191439e36f09f17b2d26, type: 3}
  m_PrefabInstance: {fileID: 5447394899800268096}
  m_PrefabAsset: {fileID: 0}
--- !u!1001 &5486247581843007555
PrefabInstance:
  m_ObjectHideFlags: 0
  serializedVersion: 2
  m_Modification:
    m_TransformParent: {fileID: 90033551438659824}
    m_Modifications:
    - target: {fileID: 24124495966839709, guid: 583f91415ce35ff4e8a5daa85160b701, type: 3}
      propertyPath: m_RootOrder
      value: 11
      objectReference: {fileID: 0}
    - target: {fileID: 24124495966839709, guid: 583f91415ce35ff4e8a5daa85160b701, type: 3}
      propertyPath: m_LocalPosition.x
      value: 27.64
      objectReference: {fileID: 0}
    - target: {fileID: 24124495966839709, guid: 583f91415ce35ff4e8a5daa85160b701, type: 3}
      propertyPath: m_LocalPosition.y
      value: -0.8
      objectReference: {fileID: 0}
    - target: {fileID: 24124495966839709, guid: 583f91415ce35ff4e8a5daa85160b701, type: 3}
      propertyPath: m_LocalPosition.z
      value: 0
      objectReference: {fileID: 0}
    - target: {fileID: 24124495966839709, guid: 583f91415ce35ff4e8a5daa85160b701, type: 3}
      propertyPath: m_LocalRotation.w
      value: 1
      objectReference: {fileID: 0}
    - target: {fileID: 24124495966839709, guid: 583f91415ce35ff4e8a5daa85160b701, type: 3}
      propertyPath: m_LocalRotation.x
      value: -0
      objectReference: {fileID: 0}
    - target: {fileID: 24124495966839709, guid: 583f91415ce35ff4e8a5daa85160b701, type: 3}
      propertyPath: m_LocalRotation.y
      value: -0
      objectReference: {fileID: 0}
    - target: {fileID: 24124495966839709, guid: 583f91415ce35ff4e8a5daa85160b701, type: 3}
      propertyPath: m_LocalRotation.z
      value: -0
      objectReference: {fileID: 0}
    - target: {fileID: 24124495966839709, guid: 583f91415ce35ff4e8a5daa85160b701, type: 3}
      propertyPath: m_LocalEulerAnglesHint.x
      value: 0
      objectReference: {fileID: 0}
    - target: {fileID: 24124495966839709, guid: 583f91415ce35ff4e8a5daa85160b701, type: 3}
      propertyPath: m_LocalEulerAnglesHint.y
      value: 0
      objectReference: {fileID: 0}
    - target: {fileID: 24124495966839709, guid: 583f91415ce35ff4e8a5daa85160b701, type: 3}
      propertyPath: m_LocalEulerAnglesHint.z
      value: 0
      objectReference: {fileID: 0}
    - target: {fileID: 7494354556596870560, guid: 583f91415ce35ff4e8a5daa85160b701, type: 3}
      propertyPath: m_Name
      value: saw
      objectReference: {fileID: 0}
    - target: {fileID: 8796691056305430858, guid: 583f91415ce35ff4e8a5daa85160b701, type: 3}
      propertyPath: m_ConnectedAnchor.x
      value: 27.64
      objectReference: {fileID: 0}
    - target: {fileID: 8796691056305430858, guid: 583f91415ce35ff4e8a5daa85160b701, type: 3}
      propertyPath: m_ConnectedAnchor.y
      value: -0.8
      objectReference: {fileID: 0}
    m_RemovedComponents: []
  m_SourcePrefab: {fileID: 100100000, guid: 583f91415ce35ff4e8a5daa85160b701, type: 3}
--- !u!4 &5509771524072279006 stripped
Transform:
  m_CorrespondingSourceObject: {fileID: 24124495966839709, guid: 583f91415ce35ff4e8a5daa85160b701, type: 3}
  m_PrefabInstance: {fileID: 5486247581843007555}
  m_PrefabAsset: {fileID: 0}
--- !u!1001 &6140849109204977319
PrefabInstance:
  m_ObjectHideFlags: 0
  serializedVersion: 2
  m_Modification:
    m_TransformParent: {fileID: 90033551438659824}
    m_Modifications:
    - target: {fileID: 2330630746932225600, guid: c4589a891f83a7b4aa399adc857bfd7f, type: 3}
      propertyPath: m_Name
      value: ground_type_5 (1)
      objectReference: {fileID: 0}
    - target: {fileID: 8852746877583569644, guid: c4589a891f83a7b4aa399adc857bfd7f, type: 3}
      propertyPath: m_RootOrder
      value: 1
      objectReference: {fileID: 0}
    - target: {fileID: 8852746877583569644, guid: c4589a891f83a7b4aa399adc857bfd7f, type: 3}
      propertyPath: m_LocalPosition.x
      value: 7
      objectReference: {fileID: 0}
    - target: {fileID: 8852746877583569644, guid: c4589a891f83a7b4aa399adc857bfd7f, type: 3}
      propertyPath: m_LocalPosition.y
      value: 1.4880252
      objectReference: {fileID: 0}
    - target: {fileID: 8852746877583569644, guid: c4589a891f83a7b4aa399adc857bfd7f, type: 3}
      propertyPath: m_LocalPosition.z
      value: 11.038322
      objectReference: {fileID: 0}
    - target: {fileID: 8852746877583569644, guid: c4589a891f83a7b4aa399adc857bfd7f, type: 3}
      propertyPath: m_LocalRotation.w
      value: 1
      objectReference: {fileID: 0}
    - target: {fileID: 8852746877583569644, guid: c4589a891f83a7b4aa399adc857bfd7f, type: 3}
      propertyPath: m_LocalRotation.x
      value: -0
      objectReference: {fileID: 0}
    - target: {fileID: 8852746877583569644, guid: c4589a891f83a7b4aa399adc857bfd7f, type: 3}
      propertyPath: m_LocalRotation.y
      value: -0
      objectReference: {fileID: 0}
    - target: {fileID: 8852746877583569644, guid: c4589a891f83a7b4aa399adc857bfd7f, type: 3}
      propertyPath: m_LocalRotation.z
      value: -0
      objectReference: {fileID: 0}
    - target: {fileID: 8852746877583569644, guid: c4589a891f83a7b4aa399adc857bfd7f, type: 3}
      propertyPath: m_LocalEulerAnglesHint.x
      value: 0
      objectReference: {fileID: 0}
    - target: {fileID: 8852746877583569644, guid: c4589a891f83a7b4aa399adc857bfd7f, type: 3}
      propertyPath: m_LocalEulerAnglesHint.y
      value: 0
      objectReference: {fileID: 0}
    - target: {fileID: 8852746877583569644, guid: c4589a891f83a7b4aa399adc857bfd7f, type: 3}
      propertyPath: m_LocalEulerAnglesHint.z
      value: 0
      objectReference: {fileID: 0}
    m_RemovedComponents: []
  m_SourcePrefab: {fileID: 100100000, guid: c4589a891f83a7b4aa399adc857bfd7f, type: 3}
--- !u!4 &3450861066160895051 stripped
Transform:
  m_CorrespondingSourceObject: {fileID: 8852746877583569644, guid: c4589a891f83a7b4aa399adc857bfd7f, type: 3}
  m_PrefabInstance: {fileID: 6140849109204977319}
  m_PrefabAsset: {fileID: 0}
--- !u!1001 &7527554144100179923
PrefabInstance:
  m_ObjectHideFlags: 0
  serializedVersion: 2
  m_Modification:
    m_TransformParent: {fileID: 90033551438659824}
    m_Modifications:
    - target: {fileID: 3360202731894886888, guid: 541ba019a36231b48ac8439e3974cf4a, type: 3}
      propertyPath: m_RootOrder
      value: 2
      objectReference: {fileID: 0}
    - target: {fileID: 3360202731894886888, guid: 541ba019a36231b48ac8439e3974cf4a, type: 3}
      propertyPath: m_LocalPosition.x
      value: 9.679982
      objectReference: {fileID: 0}
    - target: {fileID: 3360202731894886888, guid: 541ba019a36231b48ac8439e3974cf4a, type: 3}
      propertyPath: m_LocalPosition.y
      value: 2.384025
      objectReference: {fileID: 0}
    - target: {fileID: 3360202731894886888, guid: 541ba019a36231b48ac8439e3974cf4a, type: 3}
      propertyPath: m_LocalPosition.z
      value: 0
      objectReference: {fileID: 0}
    - target: {fileID: 3360202731894886888, guid: 541ba019a36231b48ac8439e3974cf4a, type: 3}
      propertyPath: m_LocalRotation.w
      value: 1
      objectReference: {fileID: 0}
    - target: {fileID: 3360202731894886888, guid: 541ba019a36231b48ac8439e3974cf4a, type: 3}
      propertyPath: m_LocalRotation.x
      value: -0
      objectReference: {fileID: 0}
    - target: {fileID: 3360202731894886888, guid: 541ba019a36231b48ac8439e3974cf4a, type: 3}
      propertyPath: m_LocalRotation.y
      value: -0
      objectReference: {fileID: 0}
    - target: {fileID: 3360202731894886888, guid: 541ba019a36231b48ac8439e3974cf4a, type: 3}
      propertyPath: m_LocalRotation.z
      value: -0
      objectReference: {fileID: 0}
    - target: {fileID: 3360202731894886888, guid: 541ba019a36231b48ac8439e3974cf4a, type: 3}
      propertyPath: m_LocalEulerAnglesHint.x
      value: 0
      objectReference: {fileID: 0}
    - target: {fileID: 3360202731894886888, guid: 541ba019a36231b48ac8439e3974cf4a, type: 3}
      propertyPath: m_LocalEulerAnglesHint.y
      value: 0
      objectReference: {fileID: 0}
    - target: {fileID: 3360202731894886888, guid: 541ba019a36231b48ac8439e3974cf4a, type: 3}
      propertyPath: m_LocalEulerAnglesHint.z
      value: 0
      objectReference: {fileID: 0}
    - target: {fileID: 6965835520658265954, guid: 541ba019a36231b48ac8439e3974cf4a, type: 3}
      propertyPath: m_Name
      value: ExtraLife
      objectReference: {fileID: 0}
    m_RemovedComponents: []
  m_SourcePrefab: {fileID: 100100000, guid: 541ba019a36231b48ac8439e3974cf4a, type: 3}
--- !u!4 &5104522350296567355 stripped
Transform:
  m_CorrespondingSourceObject: {fileID: 3360202731894886888, guid: 541ba019a36231b48ac8439e3974cf4a, type: 3}
  m_PrefabInstance: {fileID: 7527554144100179923}
  m_PrefabAsset: {fileID: 0}
--- !u!1001 &8261549859512846919
PrefabInstance:
  m_ObjectHideFlags: 0
  serializedVersion: 2
  m_Modification:
    m_TransformParent: {fileID: 90033551438659824}
    m_Modifications:
    - target: {fileID: 3610170991642251932, guid: bae5475ada9afdd46b7b4d559670f670, type: 3}
      propertyPath: m_Name
      value: ground_type_3 (1)
      objectReference: {fileID: 0}
    - target: {fileID: 3667827871844616361, guid: bae5475ada9afdd46b7b4d559670f670, type: 3}
      propertyPath: m_RootOrder
      value: 8
      objectReference: {fileID: 0}
    - target: {fileID: 3667827871844616361, guid: bae5475ada9afdd46b7b4d559670f670, type: 3}
      propertyPath: m_LocalPosition.x
      value: 33.32
      objectReference: {fileID: 0}
    - target: {fileID: 3667827871844616361, guid: bae5475ada9afdd46b7b4d559670f670, type: 3}
      propertyPath: m_LocalPosition.y
      value: -3.8743086
      objectReference: {fileID: 0}
    - target: {fileID: 3667827871844616361, guid: bae5475ada9afdd46b7b4d559670f670, type: 3}
      propertyPath: m_LocalPosition.z
      value: 0
      objectReference: {fileID: 0}
    - target: {fileID: 3667827871844616361, guid: bae5475ada9afdd46b7b4d559670f670, type: 3}
      propertyPath: m_LocalRotation.w
      value: 1
      objectReference: {fileID: 0}
    - target: {fileID: 3667827871844616361, guid: bae5475ada9afdd46b7b4d559670f670, type: 3}
      propertyPath: m_LocalRotation.x
      value: -0
      objectReference: {fileID: 0}
    - target: {fileID: 3667827871844616361, guid: bae5475ada9afdd46b7b4d559670f670, type: 3}
      propertyPath: m_LocalRotation.y
      value: -0
      objectReference: {fileID: 0}
    - target: {fileID: 3667827871844616361, guid: bae5475ada9afdd46b7b4d559670f670, type: 3}
      propertyPath: m_LocalRotation.z
      value: -0
      objectReference: {fileID: 0}
    - target: {fileID: 3667827871844616361, guid: bae5475ada9afdd46b7b4d559670f670, type: 3}
      propertyPath: m_LocalEulerAnglesHint.x
      value: 0
      objectReference: {fileID: 0}
    - target: {fileID: 3667827871844616361, guid: bae5475ada9afdd46b7b4d559670f670, type: 3}
      propertyPath: m_LocalEulerAnglesHint.y
      value: 0
      objectReference: {fileID: 0}
    - target: {fileID: 3667827871844616361, guid: bae5475ada9afdd46b7b4d559670f670, type: 3}
      propertyPath: m_LocalEulerAnglesHint.z
      value: 0
      objectReference: {fileID: 0}
    m_RemovedComponents: []
  m_SourcePrefab: {fileID: 100100000, guid: bae5475ada9afdd46b7b4d559670f670, type: 3}
--- !u!4 &4629794800602858222 stripped
Transform:
  m_CorrespondingSourceObject: {fileID: 3667827871844616361, guid: bae5475ada9afdd46b7b4d559670f670, type: 3}
  m_PrefabInstance: {fileID: 8261549859512846919}
  m_PrefabAsset: {fileID: 0}
--- !u!1001 &9206101974086233564
PrefabInstance:
  m_ObjectHideFlags: 0
  serializedVersion: 2
  m_Modification:
    m_TransformParent: {fileID: 90033551438659824}
    m_Modifications:
    - target: {fileID: 2287971543483999557, guid: f6071e98358a98b40a2adf8485509056, type: 3}
      propertyPath: m_RootOrder
      value: 6
      objectReference: {fileID: 0}
    - target: {fileID: 2287971543483999557, guid: f6071e98358a98b40a2adf8485509056, type: 3}
      propertyPath: m_LocalPosition.x
      value: 20.791847
      objectReference: {fileID: 0}
    - target: {fileID: 2287971543483999557, guid: f6071e98358a98b40a2adf8485509056, type: 3}
      propertyPath: m_LocalPosition.y
      value: 2.4488711
      objectReference: {fileID: 0}
    - target: {fileID: 2287971543483999557, guid: f6071e98358a98b40a2adf8485509056, type: 3}
      propertyPath: m_LocalPosition.z
      value: 0
      objectReference: {fileID: 0}
    - target: {fileID: 2287971543483999557, guid: f6071e98358a98b40a2adf8485509056, type: 3}
      propertyPath: m_LocalRotation.w
      value: 1
      objectReference: {fileID: 0}
    - target: {fileID: 2287971543483999557, guid: f6071e98358a98b40a2adf8485509056, type: 3}
      propertyPath: m_LocalRotation.x
      value: -0
      objectReference: {fileID: 0}
    - target: {fileID: 2287971543483999557, guid: f6071e98358a98b40a2adf8485509056, type: 3}
      propertyPath: m_LocalRotation.y
      value: -0
      objectReference: {fileID: 0}
    - target: {fileID: 2287971543483999557, guid: f6071e98358a98b40a2adf8485509056, type: 3}
      propertyPath: m_LocalRotation.z
      value: -0
      objectReference: {fileID: 0}
    - target: {fileID: 2287971543483999557, guid: f6071e98358a98b40a2adf8485509056, type: 3}
      propertyPath: m_LocalEulerAnglesHint.x
      value: 0
      objectReference: {fileID: 0}
    - target: {fileID: 2287971543483999557, guid: f6071e98358a98b40a2adf8485509056, type: 3}
      propertyPath: m_LocalEulerAnglesHint.y
      value: 0
      objectReference: {fileID: 0}
    - target: {fileID: 2287971543483999557, guid: f6071e98358a98b40a2adf8485509056, type: 3}
      propertyPath: m_LocalEulerAnglesHint.z
      value: 0
      objectReference: {fileID: 0}
    - target: {fileID: 4607984606382782924, guid: f6071e98358a98b40a2adf8485509056, type: 3}
      propertyPath: m_Name
      value: ground_type_4
      objectReference: {fileID: 0}
    m_RemovedComponents: []
  m_SourcePrefab: {fileID: 100100000, guid: f6071e98358a98b40a2adf8485509056, type: 3}
--- !u!4 &6918132689773938841 stripped
Transform:
  m_CorrespondingSourceObject: {fileID: 2287971543483999557, guid: f6071e98358a98b40a2adf8485509056, type: 3}
  m_PrefabInstance: {fileID: 9206101974086233564}
  m_PrefabAsset: {fileID: 0}
