%YAML 1.1
%TAG !u! tag:unity3d.com,2011:
--- !u!1 &7367366584796128114
GameObject:
  m_ObjectHideFlags: 0
  m_CorrespondingSourceObject: {fileID: 0}
  m_PrefabInstance: {fileID: 0}
  m_PrefabAsset: {fileID: 0}
  serializedVersion: 6
  m_Component:
  - component: {fileID: 658290972453862699}
  m_Layer: 0
  m_Name: LevelPart_14
  m_TagString: Untagged
  m_Icon: {fileID: 0}
  m_NavMeshLayer: 0
  m_StaticEditorFlags: 0
  m_IsActive: 1
--- !u!4 &658290972453862699
Transform:
  m_ObjectHideFlags: 0
  m_CorrespondingSourceObject: {fileID: 0}
  m_PrefabInstance: {fileID: 0}
  m_PrefabAsset: {fileID: 0}
  m_GameObject: {fileID: 7367366584796128114}
  m_LocalRotation: {x: 0, y: 0, z: 0, w: 1}
  m_LocalPosition: {x: 0, y: 0, z: 0}
  m_LocalScale: {x: 1, y: 1, z: 1}
  m_Children:
  - {fileID: 8904883496459709967}
  - {fileID: 1327818805607747252}
  - {fileID: 309387128328782189}
  - {fileID: 5705865548526612292}
  - {fileID: 4995760088928075208}
  - {fileID: 6198300443286797416}
  - {fileID: 2505905247656584149}
  - {fileID: 6154412280639134845}
  - {fileID: 745513104466996467}
  - {fileID: 2917807173274011810}
  - {fileID: 4893071599846536719}
  m_Father: {fileID: 0}
  m_RootOrder: 0
  m_LocalEulerAnglesHint: {x: 0, y: 0, z: 0}
--- !u!1001 &296847170770871024
PrefabInstance:
  m_ObjectHideFlags: 0
  serializedVersion: 2
  m_Modification:
    m_TransformParent: {fileID: 658290972453862699}
    m_Modifications:
    - target: {fileID: 24124495966839709, guid: 583f91415ce35ff4e8a5daa85160b701, type: 3}
      propertyPath: m_RootOrder
      value: 2
      objectReference: {fileID: 0}
    - target: {fileID: 24124495966839709, guid: 583f91415ce35ff4e8a5daa85160b701, type: 3}
      propertyPath: m_LocalPosition.x
      value: 10.4
      objectReference: {fileID: 0}
    - target: {fileID: 24124495966839709, guid: 583f91415ce35ff4e8a5daa85160b701, type: 3}
      propertyPath: m_LocalPosition.y
      value: -0.83
      objectReference: {fileID: 0}
    - target: {fileID: 24124495966839709, guid: 583f91415ce35ff4e8a5daa85160b701, type: 3}
      propertyPath: m_LocalPosition.z
      value: 0
      objectReference: {fileID: 0}
    - target: {fileID: 24124495966839709, guid: 583f91415ce35ff4e8a5daa85160b701, type: 3}
      propertyPath: m_LocalRotation.w
      value: 1
      objectReference: {fileID: 0}
    - target: {fileID: 24124495966839709, guid: 583f91415ce35ff4e8a5daa85160b701, type: 3}
      propertyPath: m_LocalRotation.x
      value: -0
      objectReference: {fileID: 0}
    - target: {fileID: 24124495966839709, guid: 583f91415ce35ff4e8a5daa85160b701, type: 3}
      propertyPath: m_LocalRotation.y
      value: -0
      objectReference: {fileID: 0}
    - target: {fileID: 24124495966839709, guid: 583f91415ce35ff4e8a5daa85160b701, type: 3}
      propertyPath: m_LocalRotation.z
      value: -0
      objectReference: {fileID: 0}
    - target: {fileID: 24124495966839709, guid: 583f91415ce35ff4e8a5daa85160b701, type: 3}
      propertyPath: m_LocalEulerAnglesHint.x
      value: 0
      objectReference: {fileID: 0}
    - target: {fileID: 24124495966839709, guid: 583f91415ce35ff4e8a5daa85160b701, type: 3}
      propertyPath: m_LocalEulerAnglesHint.y
      value: 0
      objectReference: {fileID: 0}
    - target: {fileID: 24124495966839709, guid: 583f91415ce35ff4e8a5daa85160b701, type: 3}
      propertyPath: m_LocalEulerAnglesHint.z
      value: 0
      objectReference: {fileID: 0}
    - target: {fileID: 7494354556596870560, guid: 583f91415ce35ff4e8a5daa85160b701, type: 3}
      propertyPath: m_Name
      value: saw
      objectReference: {fileID: 0}
    - target: {fileID: 8796691056305430858, guid: 583f91415ce35ff4e8a5daa85160b701, type: 3}
      propertyPath: m_ConnectedAnchor.x
      value: 10.4
      objectReference: {fileID: 0}
    - target: {fileID: 8796691056305430858, guid: 583f91415ce35ff4e8a5daa85160b701, type: 3}
      propertyPath: m_ConnectedAnchor.y
      value: -0.83
      objectReference: {fileID: 0}
    m_RemovedComponents: []
  m_SourcePrefab: {fileID: 100100000, guid: 583f91415ce35ff4e8a5daa85160b701, type: 3}
--- !u!4 &309387128328782189 stripped
Transform:
  m_CorrespondingSourceObject: {fileID: 24124495966839709, guid: 583f91415ce35ff4e8a5daa85160b701, type: 3}
  m_PrefabInstance: {fileID: 296847170770871024}
  m_PrefabAsset: {fileID: 0}
--- !u!1001 &799418096808355261
PrefabInstance:
  m_ObjectHideFlags: 0
  serializedVersion: 2
  m_Modification:
    m_TransformParent: {fileID: 658290972453862699}
    m_Modifications:
    - target: {fileID: 2550788551164980509, guid: 5caef3987ad77c54896de6180b5e7dae, type: 3}
      propertyPath: m_Name
      value: piki_krasivye
      objectReference: {fileID: 0}
    - target: {fileID: 2550788551164980511, guid: 5caef3987ad77c54896de6180b5e7dae, type: 3}
      propertyPath: m_RootOrder
      value: 9
      objectReference: {fileID: 0}
    - target: {fileID: 2550788551164980511, guid: 5caef3987ad77c54896de6180b5e7dae, type: 3}
      propertyPath: m_LocalPosition.x
      value: 14.892061
      objectReference: {fileID: 0}
    - target: {fileID: 2550788551164980511, guid: 5caef3987ad77c54896de6180b5e7dae, type: 3}
      propertyPath: m_LocalPosition.y
      value: 0.24751282
      objectReference: {fileID: 0}
    - target: {fileID: 2550788551164980511, guid: 5caef3987ad77c54896de6180b5e7dae, type: 3}
      propertyPath: m_LocalPosition.z
      value: 10
      objectReference: {fileID: 0}
    - target: {fileID: 2550788551164980511, guid: 5caef3987ad77c54896de6180b5e7dae, type: 3}
      propertyPath: m_LocalRotation.w
      value: 1
      objectReference: {fileID: 0}
    - target: {fileID: 2550788551164980511, guid: 5caef3987ad77c54896de6180b5e7dae, type: 3}
      propertyPath: m_LocalRotation.x
      value: -0
      objectReference: {fileID: 0}
    - target: {fileID: 2550788551164980511, guid: 5caef3987ad77c54896de6180b5e7dae, type: 3}
      propertyPath: m_LocalRotation.y
      value: -0
      objectReference: {fileID: 0}
    - target: {fileID: 2550788551164980511, guid: 5caef3987ad77c54896de6180b5e7dae, type: 3}
      propertyPath: m_LocalRotation.z
      value: -0
      objectReference: {fileID: 0}
    - target: {fileID: 2550788551164980511, guid: 5caef3987ad77c54896de6180b5e7dae, type: 3}
      propertyPath: m_LocalEulerAnglesHint.x
      value: 0
      objectReference: {fileID: 0}
    - target: {fileID: 2550788551164980511, guid: 5caef3987ad77c54896de6180b5e7dae, type: 3}
      propertyPath: m_LocalEulerAnglesHint.y
      value: 0
      objectReference: {fileID: 0}
    - target: {fileID: 2550788551164980511, guid: 5caef3987ad77c54896de6180b5e7dae, type: 3}
      propertyPath: m_LocalEulerAnglesHint.z
      value: 0
      objectReference: {fileID: 0}
    m_RemovedComponents: []
  m_SourcePrefab: {fileID: 100100000, guid: 5caef3987ad77c54896de6180b5e7dae, type: 3}
--- !u!4 &2917807173274011810 stripped
Transform:
  m_CorrespondingSourceObject: {fileID: 2550788551164980511, guid: 5caef3987ad77c54896de6180b5e7dae, type: 3}
  m_PrefabInstance: {fileID: 799418096808355261}
  m_PrefabAsset: {fileID: 0}
--- !u!1001 &985687796264315889
PrefabInstance:
  m_ObjectHideFlags: 0
  serializedVersion: 2
  m_Modification:
    m_TransformParent: {fileID: 658290972453862699}
    m_Modifications:
    - target: {fileID: 2287971543483999557, guid: f6071e98358a98b40a2adf8485509056, type: 3}
      propertyPath: m_RootOrder
      value: 1
      objectReference: {fileID: 0}
    - target: {fileID: 2287971543483999557, guid: f6071e98358a98b40a2adf8485509056, type: 3}
      propertyPath: m_LocalPosition.x
      value: 13.876252
      objectReference: {fileID: 0}
    - target: {fileID: 2287971543483999557, guid: f6071e98358a98b40a2adf8485509056, type: 3}
      propertyPath: m_LocalPosition.y
      value: -0.5560801
      objectReference: {fileID: 0}
    - target: {fileID: 2287971543483999557, guid: f6071e98358a98b40a2adf8485509056, type: 3}
      propertyPath: m_LocalPosition.z
      value: 0
      objectReference: {fileID: 0}
    - target: {fileID: 2287971543483999557, guid: f6071e98358a98b40a2adf8485509056, type: 3}
      propertyPath: m_LocalRotation.w
      value: 1
      objectReference: {fileID: 0}
    - target: {fileID: 2287971543483999557, guid: f6071e98358a98b40a2adf8485509056, type: 3}
      propertyPath: m_LocalRotation.x
      value: -0
      objectReference: {fileID: 0}
    - target: {fileID: 2287971543483999557, guid: f6071e98358a98b40a2adf8485509056, type: 3}
      propertyPath: m_LocalRotation.y
      value: -0
      objectReference: {fileID: 0}
    - target: {fileID: 2287971543483999557, guid: f6071e98358a98b40a2adf8485509056, type: 3}
      propertyPath: m_LocalRotation.z
      value: -0
      objectReference: {fileID: 0}
    - target: {fileID: 2287971543483999557, guid: f6071e98358a98b40a2adf8485509056, type: 3}
      propertyPath: m_LocalEulerAnglesHint.x
      value: 0
      objectReference: {fileID: 0}
    - target: {fileID: 2287971543483999557, guid: f6071e98358a98b40a2adf8485509056, type: 3}
      propertyPath: m_LocalEulerAnglesHint.y
      value: 0
      objectReference: {fileID: 0}
    - target: {fileID: 2287971543483999557, guid: f6071e98358a98b40a2adf8485509056, type: 3}
      propertyPath: m_LocalEulerAnglesHint.z
      value: 0
      objectReference: {fileID: 0}
    - target: {fileID: 4607984606382782924, guid: f6071e98358a98b40a2adf8485509056, type: 3}
      propertyPath: m_Name
      value: ground_type_4 (1)
      objectReference: {fileID: 0}
    m_RemovedComponents: []
  m_SourcePrefab: {fileID: 100100000, guid: f6071e98358a98b40a2adf8485509056, type: 3}
--- !u!4 &1327818805607747252 stripped
Transform:
  m_CorrespondingSourceObject: {fileID: 2287971543483999557, guid: f6071e98358a98b40a2adf8485509056, type: 3}
  m_PrefabInstance: {fileID: 985687796264315889}
  m_PrefabAsset: {fileID: 0}
--- !u!1001 &1562484848097073543
PrefabInstance:
  m_ObjectHideFlags: 0
  serializedVersion: 2
  m_Modification:
    m_TransformParent: {fileID: 658290972453862699}
    m_Modifications:
    - target: {fileID: 2303476340883912052, guid: 8bd2a1debeeb912478070abb31c2abbe, type: 3}
      propertyPath: m_RootOrder
      value: 8
      objectReference: {fileID: 0}
    - target: {fileID: 2303476340883912052, guid: 8bd2a1debeeb912478070abb31c2abbe, type: 3}
      propertyPath: m_LocalPosition.x
      value: 11.986617
      objectReference: {fileID: 0}
    - target: {fileID: 2303476340883912052, guid: 8bd2a1debeeb912478070abb31c2abbe, type: 3}
      propertyPath: m_LocalPosition.y
      value: -10.33
      objectReference: {fileID: 0}
    - target: {fileID: 2303476340883912052, guid: 8bd2a1debeeb912478070abb31c2abbe, type: 3}
      propertyPath: m_LocalPosition.z
      value: -165.82016
      objectReference: {fileID: 0}
    - target: {fileID: 2303476340883912052, guid: 8bd2a1debeeb912478070abb31c2abbe, type: 3}
      propertyPath: m_LocalRotation.w
      value: 1
      objectReference: {fileID: 0}
    - target: {fileID: 2303476340883912052, guid: 8bd2a1debeeb912478070abb31c2abbe, type: 3}
      propertyPath: m_LocalRotation.x
      value: -0
      objectReference: {fileID: 0}
    - target: {fileID: 2303476340883912052, guid: 8bd2a1debeeb912478070abb31c2abbe, type: 3}
      propertyPath: m_LocalRotation.y
      value: -0
      objectReference: {fileID: 0}
    - target: {fileID: 2303476340883912052, guid: 8bd2a1debeeb912478070abb31c2abbe, type: 3}
      propertyPath: m_LocalRotation.z
      value: -0
      objectReference: {fileID: 0}
    - target: {fileID: 2303476340883912052, guid: 8bd2a1debeeb912478070abb31c2abbe, type: 3}
      propertyPath: m_LocalEulerAnglesHint.x
      value: 0
      objectReference: {fileID: 0}
    - target: {fileID: 2303476340883912052, guid: 8bd2a1debeeb912478070abb31c2abbe, type: 3}
      propertyPath: m_LocalEulerAnglesHint.y
      value: 0
      objectReference: {fileID: 0}
    - target: {fileID: 2303476340883912052, guid: 8bd2a1debeeb912478070abb31c2abbe, type: 3}
      propertyPath: m_LocalEulerAnglesHint.z
      value: 0
      objectReference: {fileID: 0}
    - target: {fileID: 5066083696678952759, guid: 8bd2a1debeeb912478070abb31c2abbe, type: 3}
      propertyPath: m_Name
      value: dieSpace
      objectReference: {fileID: 0}
    m_RemovedComponents: []
  m_SourcePrefab: {fileID: 100100000, guid: 8bd2a1debeeb912478070abb31c2abbe, type: 3}
--- !u!4 &745513104466996467 stripped
Transform:
  m_CorrespondingSourceObject: {fileID: 2303476340883912052, guid: 8bd2a1debeeb912478070abb31c2abbe, type: 3}
  m_PrefabInstance: {fileID: 1562484848097073543}
  m_PrefabAsset: {fileID: 0}
--- !u!1001 &3246086035201675373
PrefabInstance:
  m_ObjectHideFlags: 0
  serializedVersion: 2
  m_Modification:
    m_TransformParent: {fileID: 658290972453862699}
    m_Modifications:
    - target: {fileID: 4502697314657301902, guid: f9df4ef4e9e01bf4bab85232e6c4fd83, type: 3}
      propertyPath: m_Name
      value: batoot
      objectReference: {fileID: 0}
    - target: {fileID: 7992698287912838754, guid: f9df4ef4e9e01bf4bab85232e6c4fd83, type: 3}
      propertyPath: m_RootOrder
      value: 10
      objectReference: {fileID: 0}
    - target: {fileID: 7992698287912838754, guid: f9df4ef4e9e01bf4bab85232e6c4fd83, type: 3}
      propertyPath: m_LocalPosition.x
      value: 16.384134
      objectReference: {fileID: 0}
    - target: {fileID: 7992698287912838754, guid: f9df4ef4e9e01bf4bab85232e6c4fd83, type: 3}
      propertyPath: m_LocalPosition.y
      value: 0.19606185
      objectReference: {fileID: 0}
    - target: {fileID: 7992698287912838754, guid: f9df4ef4e9e01bf4bab85232e6c4fd83, type: 3}
      propertyPath: m_LocalPosition.z
      value: 1.386509
      objectReference: {fileID: 0}
    - target: {fileID: 7992698287912838754, guid: f9df4ef4e9e01bf4bab85232e6c4fd83, type: 3}
      propertyPath: m_LocalRotation.w
      value: 1
      objectReference: {fileID: 0}
    - target: {fileID: 7992698287912838754, guid: f9df4ef4e9e01bf4bab85232e6c4fd83, type: 3}
      propertyPath: m_LocalRotation.x
      value: -0
      objectReference: {fileID: 0}
    - target: {fileID: 7992698287912838754, guid: f9df4ef4e9e01bf4bab85232e6c4fd83, type: 3}
      propertyPath: m_LocalRotation.y
      value: -0
      objectReference: {fileID: 0}
    - target: {fileID: 7992698287912838754, guid: f9df4ef4e9e01bf4bab85232e6c4fd83, type: 3}
      propertyPath: m_LocalRotation.z
      value: -0
      objectReference: {fileID: 0}
    - target: {fileID: 7992698287912838754, guid: f9df4ef4e9e01bf4bab85232e6c4fd83, type: 3}
      propertyPath: m_LocalEulerAnglesHint.x
      value: 0
      objectReference: {fileID: 0}
    - target: {fileID: 7992698287912838754, guid: f9df4ef4e9e01bf4bab85232e6c4fd83, type: 3}
      propertyPath: m_LocalEulerAnglesHint.y
      value: 0
      objectReference: {fileID: 0}
    - target: {fileID: 7992698287912838754, guid: f9df4ef4e9e01bf4bab85232e6c4fd83, type: 3}
      propertyPath: m_LocalEulerAnglesHint.z
      value: 0
      objectReference: {fileID: 0}
    m_RemovedComponents: []
  m_SourcePrefab: {fileID: 100100000, guid: f9df4ef4e9e01bf4bab85232e6c4fd83, type: 3}
--- !u!4 &4893071599846536719 stripped
Transform:
  m_CorrespondingSourceObject: {fileID: 7992698287912838754, guid: f9df4ef4e9e01bf4bab85232e6c4fd83, type: 3}
  m_PrefabInstance: {fileID: 3246086035201675373}
  m_PrefabAsset: {fileID: 0}
--- !u!1001 &3520075682991973670
PrefabInstance:
  m_ObjectHideFlags: 0
  serializedVersion: 2
  m_Modification:
    m_TransformParent: {fileID: 658290972453862699}
    m_Modifications:
    - target: {fileID: 5502734984068477755, guid: ae7b1cef2919e2144a034d668f5549d0, type: 3}
      propertyPath: m_Name
      value: EndPosition
      objectReference: {fileID: 0}
    - target: {fileID: 7327655052753385819, guid: ae7b1cef2919e2144a034d668f5549d0, type: 3}
      propertyPath: m_RootOrder
      value: 7
      objectReference: {fileID: 0}
    - target: {fileID: 7327655052753385819, guid: ae7b1cef2919e2144a034d668f5549d0, type: 3}
      propertyPath: m_LocalPosition.x
      value: 24.88
      objectReference: {fileID: 0}
    - target: {fileID: 7327655052753385819, guid: ae7b1cef2919e2144a034d668f5549d0, type: 3}
      propertyPath: m_LocalPosition.y
      value: -0.3
      objectReference: {fileID: 0}
    - target: {fileID: 7327655052753385819, guid: ae7b1cef2919e2144a034d668f5549d0, type: 3}
      propertyPath: m_LocalPosition.z
      value: 0
      objectReference: {fileID: 0}
    - target: {fileID: 7327655052753385819, guid: ae7b1cef2919e2144a034d668f5549d0, type: 3}
      propertyPath: m_LocalRotation.w
      value: 1
      objectReference: {fileID: 0}
    - target: {fileID: 7327655052753385819, guid: ae7b1cef2919e2144a034d668f5549d0, type: 3}
      propertyPath: m_LocalRotation.x
      value: -0
      objectReference: {fileID: 0}
    - target: {fileID: 7327655052753385819, guid: ae7b1cef2919e2144a034d668f5549d0, type: 3}
      propertyPath: m_LocalRotation.y
      value: -0
      objectReference: {fileID: 0}
    - target: {fileID: 7327655052753385819, guid: ae7b1cef2919e2144a034d668f5549d0, type: 3}
      propertyPath: m_LocalRotation.z
      value: -0
      objectReference: {fileID: 0}
    - target: {fileID: 7327655052753385819, guid: ae7b1cef2919e2144a034d668f5549d0, type: 3}
      propertyPath: m_LocalEulerAnglesHint.x
      value: 0
      objectReference: {fileID: 0}
    - target: {fileID: 7327655052753385819, guid: ae7b1cef2919e2144a034d668f5549d0, type: 3}
      propertyPath: m_LocalEulerAnglesHint.y
      value: 0
      objectReference: {fileID: 0}
    - target: {fileID: 7327655052753385819, guid: ae7b1cef2919e2144a034d668f5549d0, type: 3}
      propertyPath: m_LocalEulerAnglesHint.z
      value: 0
      objectReference: {fileID: 0}
    m_RemovedComponents: []
  m_SourcePrefab: {fileID: 100100000, guid: ae7b1cef2919e2144a034d668f5549d0, type: 3}
--- !u!4 &6154412280639134845 stripped
Transform:
  m_CorrespondingSourceObject: {fileID: 7327655052753385819, guid: ae7b1cef2919e2144a034d668f5549d0, type: 3}
  m_PrefabInstance: {fileID: 3520075682991973670}
  m_PrefabAsset: {fileID: 0}
--- !u!1001 &3979241249219790903
PrefabInstance:
  m_ObjectHideFlags: 0
  serializedVersion: 2
  m_Modification:
    m_TransformParent: {fileID: 658290972453862699}
    m_Modifications:
    - target: {fileID: 1585224595634940898, guid: cc695b16283a191439e36f09f17b2d26, type: 3}
      propertyPath: m_RootOrder
      value: 6
      objectReference: {fileID: 0}
    - target: {fileID: 1585224595634940898, guid: cc695b16283a191439e36f09f17b2d26, type: 3}
      propertyPath: m_LocalPosition.x
      value: 23.65943
      objectReference: {fileID: 0}
    - target: {fileID: 1585224595634940898, guid: cc695b16283a191439e36f09f17b2d26, type: 3}
      propertyPath: m_LocalPosition.y
      value: -1.0784049
      objectReference: {fileID: 0}
    - target: {fileID: 1585224595634940898, guid: cc695b16283a191439e36f09f17b2d26, type: 3}
      propertyPath: m_LocalPosition.z
      value: 0
      objectReference: {fileID: 0}
    - target: {fileID: 1585224595634940898, guid: cc695b16283a191439e36f09f17b2d26, type: 3}
      propertyPath: m_LocalRotation.w
      value: 1
      objectReference: {fileID: 0}
    - target: {fileID: 1585224595634940898, guid: cc695b16283a191439e36f09f17b2d26, type: 3}
      propertyPath: m_LocalRotation.x
      value: -0
      objectReference: {fileID: 0}
    - target: {fileID: 1585224595634940898, guid: cc695b16283a191439e36f09f17b2d26, type: 3}
      propertyPath: m_LocalRotation.y
      value: -0
      objectReference: {fileID: 0}
    - target: {fileID: 1585224595634940898, guid: cc695b16283a191439e36f09f17b2d26, type: 3}
      propertyPath: m_LocalRotation.z
      value: -0
      objectReference: {fileID: 0}
    - target: {fileID: 1585224595634940898, guid: cc695b16283a191439e36f09f17b2d26, type: 3}
      propertyPath: m_LocalEulerAnglesHint.x
      value: 0
      objectReference: {fileID: 0}
    - target: {fileID: 1585224595634940898, guid: cc695b16283a191439e36f09f17b2d26, type: 3}
      propertyPath: m_LocalEulerAnglesHint.y
      value: 0
      objectReference: {fileID: 0}
    - target: {fileID: 1585224595634940898, guid: cc695b16283a191439e36f09f17b2d26, type: 3}
      propertyPath: m_LocalEulerAnglesHint.z
      value: 0
      objectReference: {fileID: 0}
    - target: {fileID: 5800255502671430543, guid: cc695b16283a191439e36f09f17b2d26, type: 3}
      propertyPath: m_Name
      value: double_ground (1)
      objectReference: {fileID: 0}
    m_RemovedComponents: []
  m_SourcePrefab: {fileID: 100100000, guid: cc695b16283a191439e36f09f17b2d26, type: 3}
--- !u!4 &2505905247656584149 stripped
Transform:
  m_CorrespondingSourceObject: {fileID: 1585224595634940898, guid: cc695b16283a191439e36f09f17b2d26, type: 3}
  m_PrefabInstance: {fileID: 3979241249219790903}
  m_PrefabAsset: {fileID: 0}
--- !u!1001 &4898526848998774666
PrefabInstance:
  m_ObjectHideFlags: 0
  serializedVersion: 2
  m_Modification:
    m_TransformParent: {fileID: 658290972453862699}
    m_Modifications:
    - target: {fileID: 1585224595634940898, guid: cc695b16283a191439e36f09f17b2d26, type: 3}
      propertyPath: m_RootOrder
      value: 5
      objectReference: {fileID: 0}
    - target: {fileID: 1585224595634940898, guid: cc695b16283a191439e36f09f17b2d26, type: 3}
      propertyPath: m_LocalPosition.x
      value: 19.429596
      objectReference: {fileID: 0}
    - target: {fileID: 1585224595634940898, guid: cc695b16283a191439e36f09f17b2d26, type: 3}
      propertyPath: m_LocalPosition.y
      value: 1.0302732
      objectReference: {fileID: 0}
    - target: {fileID: 1585224595634940898, guid: cc695b16283a191439e36f09f17b2d26, type: 3}
      propertyPath: m_LocalPosition.z
      value: 0
      objectReference: {fileID: 0}
    - target: {fileID: 1585224595634940898, guid: cc695b16283a191439e36f09f17b2d26, type: 3}
      propertyPath: m_LocalRotation.w
      value: 1
      objectReference: {fileID: 0}
    - target: {fileID: 1585224595634940898, guid: cc695b16283a191439e36f09f17b2d26, type: 3}
      propertyPath: m_LocalRotation.x
      value: -0
      objectReference: {fileID: 0}
    - target: {fileID: 1585224595634940898, guid: cc695b16283a191439e36f09f17b2d26, type: 3}
      propertyPath: m_LocalRotation.y
      value: -0
      objectReference: {fileID: 0}
    - target: {fileID: 1585224595634940898, guid: cc695b16283a191439e36f09f17b2d26, type: 3}
      propertyPath: m_LocalRotation.z
      value: -0
      objectReference: {fileID: 0}
    - target: {fileID: 1585224595634940898, guid: cc695b16283a191439e36f09f17b2d26, type: 3}
      propertyPath: m_LocalEulerAnglesHint.x
      value: 0
      objectReference: {fileID: 0}
    - target: {fileID: 1585224595634940898, guid: cc695b16283a191439e36f09f17b2d26, type: 3}
      propertyPath: m_LocalEulerAnglesHint.y
      value: 0
      objectReference: {fileID: 0}
    - target: {fileID: 1585224595634940898, guid: cc695b16283a191439e36f09f17b2d26, type: 3}
      propertyPath: m_LocalEulerAnglesHint.z
      value: 0
      objectReference: {fileID: 0}
    - target: {fileID: 5800255502671430543, guid: cc695b16283a191439e36f09f17b2d26, type: 3}
      propertyPath: m_Name
      value: double_ground
      objectReference: {fileID: 0}
    m_RemovedComponents: []
  m_SourcePrefab: {fileID: 100100000, guid: cc695b16283a191439e36f09f17b2d26, type: 3}
--- !u!4 &6198300443286797416 stripped
Transform:
  m_CorrespondingSourceObject: {fileID: 1585224595634940898, guid: cc695b16283a191439e36f09f17b2d26, type: 3}
  m_PrefabInstance: {fileID: 4898526848998774666}
  m_PrefabAsset: {fileID: 0}
--- !u!1001 &4972312968505892437
PrefabInstance:
  m_ObjectHideFlags: 0
  serializedVersion: 2
  m_Modification:
    m_TransformParent: {fileID: 658290972453862699}
    m_Modifications:
    - target: {fileID: 24124495966839709, guid: 583f91415ce35ff4e8a5daa85160b701, type: 3}
      propertyPath: m_RootOrder
      value: 4
      objectReference: {fileID: 0}
    - target: {fileID: 24124495966839709, guid: 583f91415ce35ff4e8a5daa85160b701, type: 3}
      propertyPath: m_LocalPosition.x
      value: 6.013441
      objectReference: {fileID: 0}
    - target: {fileID: 24124495966839709, guid: 583f91415ce35ff4e8a5daa85160b701, type: 3}
      propertyPath: m_LocalPosition.y
      value: 0.6409652
      objectReference: {fileID: 0}
    - target: {fileID: 24124495966839709, guid: 583f91415ce35ff4e8a5daa85160b701, type: 3}
      propertyPath: m_LocalPosition.z
      value: 0
      objectReference: {fileID: 0}
    - target: {fileID: 24124495966839709, guid: 583f91415ce35ff4e8a5daa85160b701, type: 3}
      propertyPath: m_LocalRotation.w
      value: 1
      objectReference: {fileID: 0}
    - target: {fileID: 24124495966839709, guid: 583f91415ce35ff4e8a5daa85160b701, type: 3}
      propertyPath: m_LocalRotation.x
      value: -0
      objectReference: {fileID: 0}
    - target: {fileID: 24124495966839709, guid: 583f91415ce35ff4e8a5daa85160b701, type: 3}
      propertyPath: m_LocalRotation.y
      value: -0
      objectReference: {fileID: 0}
    - target: {fileID: 24124495966839709, guid: 583f91415ce35ff4e8a5daa85160b701, type: 3}
      propertyPath: m_LocalRotation.z
      value: -0
      objectReference: {fileID: 0}
    - target: {fileID: 24124495966839709, guid: 583f91415ce35ff4e8a5daa85160b701, type: 3}
      propertyPath: m_LocalEulerAnglesHint.x
      value: 0
      objectReference: {fileID: 0}
    - target: {fileID: 24124495966839709, guid: 583f91415ce35ff4e8a5daa85160b701, type: 3}
      propertyPath: m_LocalEulerAnglesHint.y
      value: 0
      objectReference: {fileID: 0}
    - target: {fileID: 24124495966839709, guid: 583f91415ce35ff4e8a5daa85160b701, type: 3}
      propertyPath: m_LocalEulerAnglesHint.z
      value: 0
      objectReference: {fileID: 0}
    - target: {fileID: 7494354556596870560, guid: 583f91415ce35ff4e8a5daa85160b701, type: 3}
      propertyPath: m_Name
      value: saw (3)
      objectReference: {fileID: 0}
    - target: {fileID: 8796691056305430858, guid: 583f91415ce35ff4e8a5daa85160b701, type: 3}
      propertyPath: m_ConnectedAnchor.x
      value: 6.013441
      objectReference: {fileID: 0}
    - target: {fileID: 8796691056305430858, guid: 583f91415ce35ff4e8a5daa85160b701, type: 3}
      propertyPath: m_ConnectedAnchor.y
      value: 0.6409652
      objectReference: {fileID: 0}
    m_RemovedComponents: []
  m_SourcePrefab: {fileID: 100100000, guid: 583f91415ce35ff4e8a5daa85160b701, type: 3}
--- !u!4 &4995760088928075208 stripped
Transform:
  m_CorrespondingSourceObject: {fileID: 24124495966839709, guid: 583f91415ce35ff4e8a5daa85160b701, type: 3}
  m_PrefabInstance: {fileID: 4972312968505892437}
  m_PrefabAsset: {fileID: 0}
--- !u!1001 &5727166290190945497
PrefabInstance:
  m_ObjectHideFlags: 0
  serializedVersion: 2
  m_Modification:
    m_TransformParent: {fileID: 658290972453862699}
    m_Modifications:
    - target: {fileID: 24124495966839709, guid: 583f91415ce35ff4e8a5daa85160b701, type: 3}
      propertyPath: m_RootOrder
      value: 3
      objectReference: {fileID: 0}
    - target: {fileID: 24124495966839709, guid: 583f91415ce35ff4e8a5daa85160b701, type: 3}
      propertyPath: m_LocalPosition.x
      value: 9.306046
      objectReference: {fileID: 0}
    - target: {fileID: 24124495966839709, guid: 583f91415ce35ff4e8a5daa85160b701, type: 3}
      propertyPath: m_LocalPosition.y
      value: -0.83
      objectReference: {fileID: 0}
    - target: {fileID: 24124495966839709, guid: 583f91415ce35ff4e8a5daa85160b701, type: 3}
      propertyPath: m_LocalPosition.z
      value: 0
      objectReference: {fileID: 0}
    - target: {fileID: 24124495966839709, guid: 583f91415ce35ff4e8a5daa85160b701, type: 3}
      propertyPath: m_LocalRotation.w
      value: 1
      objectReference: {fileID: 0}
    - target: {fileID: 24124495966839709, guid: 583f91415ce35ff4e8a5daa85160b701, type: 3}
      propertyPath: m_LocalRotation.x
      value: -0
      objectReference: {fileID: 0}
    - target: {fileID: 24124495966839709, guid: 583f91415ce35ff4e8a5daa85160b701, type: 3}
      propertyPath: m_LocalRotation.y
      value: -0
      objectReference: {fileID: 0}
    - target: {fileID: 24124495966839709, guid: 583f91415ce35ff4e8a5daa85160b701, type: 3}
      propertyPath: m_LocalRotation.z
      value: -0
      objectReference: {fileID: 0}
    - target: {fileID: 24124495966839709, guid: 583f91415ce35ff4e8a5daa85160b701, type: 3}
      propertyPath: m_LocalEulerAnglesHint.x
      value: 0
      objectReference: {fileID: 0}
    - target: {fileID: 24124495966839709, guid: 583f91415ce35ff4e8a5daa85160b701, type: 3}
      propertyPath: m_LocalEulerAnglesHint.y
      value: 0
      objectReference: {fileID: 0}
    - target: {fileID: 24124495966839709, guid: 583f91415ce35ff4e8a5daa85160b701, type: 3}
      propertyPath: m_LocalEulerAnglesHint.z
      value: 0
      objectReference: {fileID: 0}
    - target: {fileID: 7494354556596870560, guid: 583f91415ce35ff4e8a5daa85160b701, type: 3}
      propertyPath: m_Name
      value: saw (1)
      objectReference: {fileID: 0}
    - target: {fileID: 8796691056305430858, guid: 583f91415ce35ff4e8a5daa85160b701, type: 3}
      propertyPath: m_ConnectedAnchor.x
      value: 9.306046
      objectReference: {fileID: 0}
    - target: {fileID: 8796691056305430858, guid: 583f91415ce35ff4e8a5daa85160b701, type: 3}
      propertyPath: m_ConnectedAnchor.y
      value: -0.83
      objectReference: {fileID: 0}
    m_RemovedComponents: []
  m_SourcePrefab: {fileID: 100100000, guid: 583f91415ce35ff4e8a5daa85160b701, type: 3}
--- !u!4 &5705865548526612292 stripped
Transform:
  m_CorrespondingSourceObject: {fileID: 24124495966839709, guid: 583f91415ce35ff4e8a5daa85160b701, type: 3}
  m_PrefabInstance: {fileID: 5727166290190945497}
  m_PrefabAsset: {fileID: 0}
--- !u!1001 &7229405101514345290
PrefabInstance:
  m_ObjectHideFlags: 0
  serializedVersion: 2
  m_Modification:
    m_TransformParent: {fileID: 658290972453862699}
    m_Modifications:
    - target: {fileID: 2287971543483999557, guid: f6071e98358a98b40a2adf8485509056, type: 3}
      propertyPath: m_RootOrder
      value: 0
      objectReference: {fileID: 0}
    - target: {fileID: 2287971543483999557, guid: f6071e98358a98b40a2adf8485509056, type: 3}
      propertyPath: m_LocalPosition.x
      value: 5.873566
      objectReference: {fileID: 0}
    - target: {fileID: 2287971543483999557, guid: f6071e98358a98b40a2adf8485509056, type: 3}
      propertyPath: m_LocalPosition.y
      value: -0.55608773
      objectReference: {fileID: 0}
    - target: {fileID: 2287971543483999557, guid: f6071e98358a98b40a2adf8485509056, type: 3}
      propertyPath: m_LocalPosition.z
      value: 0
      objectReference: {fileID: 0}
    - target: {fileID: 2287971543483999557, guid: f6071e98358a98b40a2adf8485509056, type: 3}
      propertyPath: m_LocalRotation.w
      value: 1
      objectReference: {fileID: 0}
    - target: {fileID: 2287971543483999557, guid: f6071e98358a98b40a2adf8485509056, type: 3}
      propertyPath: m_LocalRotation.x
      value: -0
      objectReference: {fileID: 0}
    - target: {fileID: 2287971543483999557, guid: f6071e98358a98b40a2adf8485509056, type: 3}
      propertyPath: m_LocalRotation.y
      value: -0
      objectReference: {fileID: 0}
    - target: {fileID: 2287971543483999557, guid: f6071e98358a98b40a2adf8485509056, type: 3}
      propertyPath: m_LocalRotation.z
      value: -0
      objectReference: {fileID: 0}
    - target: {fileID: 2287971543483999557, guid: f6071e98358a98b40a2adf8485509056, type: 3}
      propertyPath: m_LocalEulerAnglesHint.x
      value: 0
      objectReference: {fileID: 0}
    - target: {fileID: 2287971543483999557, guid: f6071e98358a98b40a2adf8485509056, type: 3}
      propertyPath: m_LocalEulerAnglesHint.y
      value: 0
      objectReference: {fileID: 0}
    - target: {fileID: 2287971543483999557, guid: f6071e98358a98b40a2adf8485509056, type: 3}
      propertyPath: m_LocalEulerAnglesHint.z
      value: 0
      objectReference: {fileID: 0}
    - target: {fileID: 4607984606382782924, guid: f6071e98358a98b40a2adf8485509056, type: 3}
      propertyPath: m_Name
      value: ground_type_4
      objectReference: {fileID: 0}
    m_RemovedComponents: []
  m_SourcePrefab: {fileID: 100100000, guid: f6071e98358a98b40a2adf8485509056, type: 3}
--- !u!4 &8904883496459709967 stripped
Transform:
  m_CorrespondingSourceObject: {fileID: 2287971543483999557, guid: f6071e98358a98b40a2adf8485509056, type: 3}
  m_PrefabInstance: {fileID: 7229405101514345290}
  m_PrefabAsset: {fileID: 0}
