%YAML 1.1
%TAG !u! tag:unity3d.com,2011:
--- !u!1 &1022523112110056421
GameObject:
  m_ObjectHideFlags: 0
  m_CorrespondingSourceObject: {fileID: 0}
  m_PrefabInstance: {fileID: 0}
  m_PrefabAsset: {fileID: 0}
  serializedVersion: 6
  m_Component:
  - component: {fileID: 4244838909170839619}
  m_Layer: 0
  m_Name: LevelPart_17
  m_TagString: Untagged
  m_Icon: {fileID: 0}
  m_NavMeshLayer: 0
  m_StaticEditorFlags: 0
  m_IsActive: 1
--- !u!4 &4244838909170839619
Transform:
  m_ObjectHideFlags: 0
  m_CorrespondingSourceObject: {fileID: 0}
  m_PrefabInstance: {fileID: 0}
  m_PrefabAsset: {fileID: 0}
  m_GameObject: {fileID: 1022523112110056421}
  m_LocalRotation: {x: 0, y: 0, z: 0, w: 1}
  m_LocalPosition: {x: 0, y: 0, z: 0}
  m_LocalScale: {x: 1, y: 1, z: 1}
  m_Children:
  - {fileID: 5806303894300190531}
  - {fileID: 418603160057090963}
  - {fileID: 5616990367156631822}
  - {fileID: 2740210069192022596}
  - {fileID: 4347057969619399703}
  - {fileID: 7452837947107878582}
  m_Father: {fileID: 0}
  m_RootOrder: 0
  m_LocalEulerAnglesHint: {x: 0, y: 0, z: 0}
--- !u!1001 &206254990235049965
PrefabInstance:
  m_ObjectHideFlags: 0
  serializedVersion: 2
  m_Modification:
    m_TransformParent: {fileID: 4244838909170839619}
    m_Modifications:
    - target: {fileID: 5502734984068477755, guid: ae7b1cef2919e2144a034d668f5549d0, type: 3}
      propertyPath: m_Name
      value: EndPosition
      objectReference: {fileID: 0}
    - target: {fileID: 7327655052753385819, guid: ae7b1cef2919e2144a034d668f5549d0, type: 3}
      propertyPath: m_RootOrder
      value: 5
      objectReference: {fileID: 0}
    - target: {fileID: 7327655052753385819, guid: ae7b1cef2919e2144a034d668f5549d0, type: 3}
      propertyPath: m_LocalPosition.x
      value: 25.744194
      objectReference: {fileID: 0}
    - target: {fileID: 7327655052753385819, guid: ae7b1cef2919e2144a034d668f5549d0, type: 3}
      propertyPath: m_LocalPosition.y
      value: -0.6879114
      objectReference: {fileID: 0}
    - target: {fileID: 7327655052753385819, guid: ae7b1cef2919e2144a034d668f5549d0, type: 3}
      propertyPath: m_LocalPosition.z
      value: 0
      objectReference: {fileID: 0}
    - target: {fileID: 7327655052753385819, guid: ae7b1cef2919e2144a034d668f5549d0, type: 3}
      propertyPath: m_LocalRotation.w
      value: 1
      objectReference: {fileID: 0}
    - target: {fileID: 7327655052753385819, guid: ae7b1cef2919e2144a034d668f5549d0, type: 3}
      propertyPath: m_LocalRotation.x
      value: -0
      objectReference: {fileID: 0}
    - target: {fileID: 7327655052753385819, guid: ae7b1cef2919e2144a034d668f5549d0, type: 3}
      propertyPath: m_LocalRotation.y
      value: -0
      objectReference: {fileID: 0}
    - target: {fileID: 7327655052753385819, guid: ae7b1cef2919e2144a034d668f5549d0, type: 3}
      propertyPath: m_LocalRotation.z
      value: -0
      objectReference: {fileID: 0}
    - target: {fileID: 7327655052753385819, guid: ae7b1cef2919e2144a034d668f5549d0, type: 3}
      propertyPath: m_LocalEulerAnglesHint.x
      value: 0
      objectReference: {fileID: 0}
    - target: {fileID: 7327655052753385819, guid: ae7b1cef2919e2144a034d668f5549d0, type: 3}
      propertyPath: m_LocalEulerAnglesHint.y
      value: 0
      objectReference: {fileID: 0}
    - target: {fileID: 7327655052753385819, guid: ae7b1cef2919e2144a034d668f5549d0, type: 3}
      propertyPath: m_LocalEulerAnglesHint.z
      value: 0
      objectReference: {fileID: 0}
    m_RemovedComponents: []
  m_SourcePrefab: {fileID: 100100000, guid: ae7b1cef2919e2144a034d668f5549d0, type: 3}
--- !u!4 &7452837947107878582 stripped
Transform:
  m_CorrespondingSourceObject: {fileID: 7327655052753385819, guid: ae7b1cef2919e2144a034d668f5549d0, type: 3}
  m_PrefabInstance: {fileID: 206254990235049965}
  m_PrefabAsset: {fileID: 0}
--- !u!1001 &451163165850722028
PrefabInstance:
  m_ObjectHideFlags: 0
  serializedVersion: 2
  m_Modification:
    m_TransformParent: {fileID: 4244838909170839619}
    m_Modifications:
    - target: {fileID: 3432954301330704384, guid: 9a5d8f5f890f41a42b693da8463e9ae1, type: 3}
      propertyPath: m_Name
      value: ground_type_8 (1)
      objectReference: {fileID: 0}
    - target: {fileID: 5454233501742966754, guid: 9a5d8f5f890f41a42b693da8463e9ae1, type: 3}
      propertyPath: m_RootOrder
      value: 2
      objectReference: {fileID: 0}
    - target: {fileID: 5454233501742966754, guid: 9a5d8f5f890f41a42b693da8463e9ae1, type: 3}
      propertyPath: m_LocalPosition.x
      value: 20.080006
      objectReference: {fileID: 0}
    - target: {fileID: 5454233501742966754, guid: 9a5d8f5f890f41a42b693da8463e9ae1, type: 3}
      propertyPath: m_LocalPosition.y
      value: -1.5199759
      objectReference: {fileID: 0}
    - target: {fileID: 5454233501742966754, guid: 9a5d8f5f890f41a42b693da8463e9ae1, type: 3}
      propertyPath: m_LocalPosition.z
      value: 0
      objectReference: {fileID: 0}
    - target: {fileID: 5454233501742966754, guid: 9a5d8f5f890f41a42b693da8463e9ae1, type: 3}
      propertyPath: m_LocalRotation.w
      value: 1
      objectReference: {fileID: 0}
    - target: {fileID: 5454233501742966754, guid: 9a5d8f5f890f41a42b693da8463e9ae1, type: 3}
      propertyPath: m_LocalRotation.x
      value: -0
      objectReference: {fileID: 0}
    - target: {fileID: 5454233501742966754, guid: 9a5d8f5f890f41a42b693da8463e9ae1, type: 3}
      propertyPath: m_LocalRotation.y
      value: -0
      objectReference: {fileID: 0}
    - target: {fileID: 5454233501742966754, guid: 9a5d8f5f890f41a42b693da8463e9ae1, type: 3}
      propertyPath: m_LocalRotation.z
      value: -0
      objectReference: {fileID: 0}
    - target: {fileID: 5454233501742966754, guid: 9a5d8f5f890f41a42b693da8463e9ae1, type: 3}
      propertyPath: m_LocalEulerAnglesHint.x
      value: 0
      objectReference: {fileID: 0}
    - target: {fileID: 5454233501742966754, guid: 9a5d8f5f890f41a42b693da8463e9ae1, type: 3}
      propertyPath: m_LocalEulerAnglesHint.y
      value: 0
      objectReference: {fileID: 0}
    - target: {fileID: 5454233501742966754, guid: 9a5d8f5f890f41a42b693da8463e9ae1, type: 3}
      propertyPath: m_LocalEulerAnglesHint.z
      value: 0
      objectReference: {fileID: 0}
    m_RemovedComponents: []
  m_SourcePrefab: {fileID: 100100000, guid: 9a5d8f5f890f41a42b693da8463e9ae1, type: 3}
--- !u!4 &5616990367156631822 stripped
Transform:
  m_CorrespondingSourceObject: {fileID: 5454233501742966754, guid: 9a5d8f5f890f41a42b693da8463e9ae1, type: 3}
  m_PrefabInstance: {fileID: 451163165850722028}
  m_PrefabAsset: {fileID: 0}
--- !u!1001 &1956100283999600801
PrefabInstance:
  m_ObjectHideFlags: 0
  serializedVersion: 2
  m_Modification:
    m_TransformParent: {fileID: 4244838909170839619}
    m_Modifications:
    - target: {fileID: 3432954301330704384, guid: 9a5d8f5f890f41a42b693da8463e9ae1, type: 3}
      propertyPath: m_Name
      value: ground_type_8
      objectReference: {fileID: 0}
    - target: {fileID: 5454233501742966754, guid: 9a5d8f5f890f41a42b693da8463e9ae1, type: 3}
      propertyPath: m_RootOrder
      value: 0
      objectReference: {fileID: 0}
    - target: {fileID: 5454233501742966754, guid: 9a5d8f5f890f41a42b693da8463e9ae1, type: 3}
      propertyPath: m_LocalPosition.x
      value: 8.687997
      objectReference: {fileID: 0}
    - target: {fileID: 5454233501742966754, guid: 9a5d8f5f890f41a42b693da8463e9ae1, type: 3}
      propertyPath: m_LocalPosition.y
      value: -1.5199881
      objectReference: {fileID: 0}
    - target: {fileID: 5454233501742966754, guid: 9a5d8f5f890f41a42b693da8463e9ae1, type: 3}
      propertyPath: m_LocalPosition.z
      value: 0
      objectReference: {fileID: 0}
    - target: {fileID: 5454233501742966754, guid: 9a5d8f5f890f41a42b693da8463e9ae1, type: 3}
      propertyPath: m_LocalRotation.w
      value: 1
      objectReference: {fileID: 0}
    - target: {fileID: 5454233501742966754, guid: 9a5d8f5f890f41a42b693da8463e9ae1, type: 3}
      propertyPath: m_LocalRotation.x
      value: -0
      objectReference: {fileID: 0}
    - target: {fileID: 5454233501742966754, guid: 9a5d8f5f890f41a42b693da8463e9ae1, type: 3}
      propertyPath: m_LocalRotation.y
      value: -0
      objectReference: {fileID: 0}
    - target: {fileID: 5454233501742966754, guid: 9a5d8f5f890f41a42b693da8463e9ae1, type: 3}
      propertyPath: m_LocalRotation.z
      value: -0
      objectReference: {fileID: 0}
    - target: {fileID: 5454233501742966754, guid: 9a5d8f5f890f41a42b693da8463e9ae1, type: 3}
      propertyPath: m_LocalEulerAnglesHint.x
      value: 0
      objectReference: {fileID: 0}
    - target: {fileID: 5454233501742966754, guid: 9a5d8f5f890f41a42b693da8463e9ae1, type: 3}
      propertyPath: m_LocalEulerAnglesHint.y
      value: 0
      objectReference: {fileID: 0}
    - target: {fileID: 5454233501742966754, guid: 9a5d8f5f890f41a42b693da8463e9ae1, type: 3}
      propertyPath: m_LocalEulerAnglesHint.z
      value: 0
      objectReference: {fileID: 0}
    m_RemovedComponents: []
  m_SourcePrefab: {fileID: 100100000, guid: 9a5d8f5f890f41a42b693da8463e9ae1, type: 3}
--- !u!4 &5806303894300190531 stripped
Transform:
  m_CorrespondingSourceObject: {fileID: 5454233501742966754, guid: 9a5d8f5f890f41a42b693da8463e9ae1, type: 3}
  m_PrefabInstance: {fileID: 1956100283999600801}
  m_PrefabAsset: {fileID: 0}
--- !u!1001 &2568263131718943075
PrefabInstance:
  m_ObjectHideFlags: 0
  serializedVersion: 2
  m_Modification:
    m_TransformParent: {fileID: 4244838909170839619}
    m_Modifications:
    - target: {fileID: 2303476340883912052, guid: 8bd2a1debeeb912478070abb31c2abbe, type: 3}
      propertyPath: m_RootOrder
      value: 4
      objectReference: {fileID: 0}
    - target: {fileID: 2303476340883912052, guid: 8bd2a1debeeb912478070abb31c2abbe, type: 3}
      propertyPath: m_LocalPosition.x
      value: 11.37
      objectReference: {fileID: 0}
    - target: {fileID: 2303476340883912052, guid: 8bd2a1debeeb912478070abb31c2abbe, type: 3}
      propertyPath: m_LocalPosition.y
      value: -11.74
      objectReference: {fileID: 0}
    - target: {fileID: 2303476340883912052, guid: 8bd2a1debeeb912478070abb31c2abbe, type: 3}
      propertyPath: m_LocalPosition.z
      value: -165.82016
      objectReference: {fileID: 0}
    - target: {fileID: 2303476340883912052, guid: 8bd2a1debeeb912478070abb31c2abbe, type: 3}
      propertyPath: m_LocalRotation.w
      value: 1
      objectReference: {fileID: 0}
    - target: {fileID: 2303476340883912052, guid: 8bd2a1debeeb912478070abb31c2abbe, type: 3}
      propertyPath: m_LocalRotation.x
      value: -0
      objectReference: {fileID: 0}
    - target: {fileID: 2303476340883912052, guid: 8bd2a1debeeb912478070abb31c2abbe, type: 3}
      propertyPath: m_LocalRotation.y
      value: -0
      objectReference: {fileID: 0}
    - target: {fileID: 2303476340883912052, guid: 8bd2a1debeeb912478070abb31c2abbe, type: 3}
      propertyPath: m_LocalRotation.z
      value: -0
      objectReference: {fileID: 0}
    - target: {fileID: 2303476340883912052, guid: 8bd2a1debeeb912478070abb31c2abbe, type: 3}
      propertyPath: m_LocalEulerAnglesHint.x
      value: 0
      objectReference: {fileID: 0}
    - target: {fileID: 2303476340883912052, guid: 8bd2a1debeeb912478070abb31c2abbe, type: 3}
      propertyPath: m_LocalEulerAnglesHint.y
      value: 0
      objectReference: {fileID: 0}
    - target: {fileID: 2303476340883912052, guid: 8bd2a1debeeb912478070abb31c2abbe, type: 3}
      propertyPath: m_LocalEulerAnglesHint.z
      value: 0
      objectReference: {fileID: 0}
    - target: {fileID: 5066083696678952759, guid: 8bd2a1debeeb912478070abb31c2abbe, type: 3}
      propertyPath: m_Name
      value: dieSpace
      objectReference: {fileID: 0}
    m_RemovedComponents: []
  m_SourcePrefab: {fileID: 100100000, guid: 8bd2a1debeeb912478070abb31c2abbe, type: 3}
--- !u!4 &4347057969619399703 stripped
Transform:
  m_CorrespondingSourceObject: {fileID: 2303476340883912052, guid: 8bd2a1debeeb912478070abb31c2abbe, type: 3}
  m_PrefabInstance: {fileID: 2568263131718943075}
  m_PrefabAsset: {fileID: 0}
--- !u!1001 &6553555093023574994
PrefabInstance:
  m_ObjectHideFlags: 0
  serializedVersion: 2
  m_Modification:
    m_TransformParent: {fileID: 4244838909170839619}
    m_Modifications:
    - target: {fileID: 2599491530233378104, guid: b18d95af9e05c684cb67a5dbe1e30847, type: 3}
      propertyPath: m_Name
      value: racoon (1)
      objectReference: {fileID: 0}
    - target: {fileID: 9004324206581436822, guid: b18d95af9e05c684cb67a5dbe1e30847, type: 3}
      propertyPath: m_RootOrder
      value: 3
      objectReference: {fileID: 0}
    - target: {fileID: 9004324206581436822, guid: b18d95af9e05c684cb67a5dbe1e30847, type: 3}
      propertyPath: m_LocalPosition.x
      value: 15.504031
      objectReference: {fileID: 0}
    - target: {fileID: 9004324206581436822, guid: b18d95af9e05c684cb67a5dbe1e30847, type: 3}
      propertyPath: m_LocalPosition.y
      value: -0.5919628
      objectReference: {fileID: 0}
    - target: {fileID: 9004324206581436822, guid: b18d95af9e05c684cb67a5dbe1e30847, type: 3}
      propertyPath: m_LocalPosition.z
      value: 0
      objectReference: {fileID: 0}
    - target: {fileID: 9004324206581436822, guid: b18d95af9e05c684cb67a5dbe1e30847, type: 3}
      propertyPath: m_LocalRotation.w
      value: 1
      objectReference: {fileID: 0}
    - target: {fileID: 9004324206581436822, guid: b18d95af9e05c684cb67a5dbe1e30847, type: 3}
      propertyPath: m_LocalRotation.x
      value: -0
      objectReference: {fileID: 0}
    - target: {fileID: 9004324206581436822, guid: b18d95af9e05c684cb67a5dbe1e30847, type: 3}
      propertyPath: m_LocalRotation.y
      value: -0
      objectReference: {fileID: 0}
    - target: {fileID: 9004324206581436822, guid: b18d95af9e05c684cb67a5dbe1e30847, type: 3}
      propertyPath: m_LocalRotation.z
      value: -0
      objectReference: {fileID: 0}
    - target: {fileID: 9004324206581436822, guid: b18d95af9e05c684cb67a5dbe1e30847, type: 3}
      propertyPath: m_LocalEulerAnglesHint.x
      value: 0
      objectReference: {fileID: 0}
    - target: {fileID: 9004324206581436822, guid: b18d95af9e05c684cb67a5dbe1e30847, type: 3}
      propertyPath: m_LocalEulerAnglesHint.y
      value: 0
      objectReference: {fileID: 0}
    - target: {fileID: 9004324206581436822, guid: b18d95af9e05c684cb67a5dbe1e30847, type: 3}
      propertyPath: m_LocalEulerAnglesHint.z
      value: 0
      objectReference: {fileID: 0}
    m_RemovedComponents: []
  m_SourcePrefab: {fileID: 100100000, guid: b18d95af9e05c684cb67a5dbe1e30847, type: 3}
--- !u!4 &2740210069192022596 stripped
Transform:
  m_CorrespondingSourceObject: {fileID: 9004324206581436822, guid: b18d95af9e05c684cb67a5dbe1e30847, type: 3}
  m_PrefabInstance: {fileID: 6553555093023574994}
  m_PrefabAsset: {fileID: 0}
--- !u!1001 &8735545612473451013
PrefabInstance:
  m_ObjectHideFlags: 0
  serializedVersion: 2
  m_Modification:
    m_TransformParent: {fileID: 4244838909170839619}
    m_Modifications:
    - target: {fileID: 2599491530233378104, guid: b18d95af9e05c684cb67a5dbe1e30847, type: 3}
      propertyPath: m_Name
      value: racoon
      objectReference: {fileID: 0}
    - target: {fileID: 9004324206581436822, guid: b18d95af9e05c684cb67a5dbe1e30847, type: 3}
      propertyPath: m_RootOrder
      value: 1
      objectReference: {fileID: 0}
    - target: {fileID: 9004324206581436822, guid: b18d95af9e05c684cb67a5dbe1e30847, type: 3}
      propertyPath: m_LocalPosition.x
      value: 6.7999964
      objectReference: {fileID: 0}
    - target: {fileID: 9004324206581436822, guid: b18d95af9e05c684cb67a5dbe1e30847, type: 3}
      propertyPath: m_LocalPosition.y
      value: -0.62398803
      objectReference: {fileID: 0}
    - target: {fileID: 9004324206581436822, guid: b18d95af9e05c684cb67a5dbe1e30847, type: 3}
      propertyPath: m_LocalPosition.z
      value: 0
      objectReference: {fileID: 0}
    - target: {fileID: 9004324206581436822, guid: b18d95af9e05c684cb67a5dbe1e30847, type: 3}
      propertyPath: m_LocalRotation.w
      value: 1
      objectReference: {fileID: 0}
    - target: {fileID: 9004324206581436822, guid: b18d95af9e05c684cb67a5dbe1e30847, type: 3}
      propertyPath: m_LocalRotation.x
      value: -0
      objectReference: {fileID: 0}
    - target: {fileID: 9004324206581436822, guid: b18d95af9e05c684cb67a5dbe1e30847, type: 3}
      propertyPath: m_LocalRotation.y
      value: -0
      objectReference: {fileID: 0}
    - target: {fileID: 9004324206581436822, guid: b18d95af9e05c684cb67a5dbe1e30847, type: 3}
      propertyPath: m_LocalRotation.z
      value: -0
      objectReference: {fileID: 0}
    - target: {fileID: 9004324206581436822, guid: b18d95af9e05c684cb67a5dbe1e30847, type: 3}
      propertyPath: m_LocalEulerAnglesHint.x
      value: 0
      objectReference: {fileID: 0}
    - target: {fileID: 9004324206581436822, guid: b18d95af9e05c684cb67a5dbe1e30847, type: 3}
      propertyPath: m_LocalEulerAnglesHint.y
      value: 0
      objectReference: {fileID: 0}
    - target: {fileID: 9004324206581436822, guid: b18d95af9e05c684cb67a5dbe1e30847, type: 3}
      propertyPath: m_LocalEulerAnglesHint.z
      value: 0
      objectReference: {fileID: 0}
    m_RemovedComponents: []
  m_SourcePrefab: {fileID: 100100000, guid: b18d95af9e05c684cb67a5dbe1e30847, type: 3}
--- !u!4 &418603160057090963 stripped
Transform:
  m_CorrespondingSourceObject: {fileID: 9004324206581436822, guid: b18d95af9e05c684cb67a5dbe1e30847, type: 3}
  m_PrefabInstance: {fileID: 8735545612473451013}
  m_PrefabAsset: {fileID: 0}
